%*******************************************% ABBREVIATIONS FOR CONFERENCE PROCEEDINGS *%*******************************************@STRING{CDC = "Proc. IEEE Conference on Decision  and Control Conference (CDC)"}@STRING{PIMRC = "Proc. IEEE Personal, Indoor, and Mobile Radio Communications Conference (PIMRC)"} %@STRING{INFOCOM = "Proc. IEEE INFOCOM"} @STRING{INFOCOM = "Proc. IEEE International Conference on Computer Communications (INFOCOM)"}% @STRING{MOBICOM = "Proc. ACM MobiCom"}% @STRING{MOBICOM = "Proc. ACM International Conference on Mobile Computing and Networking (MobiCom)"} %@STRING{MOBIEVAL = "Proc. ACM MobiEval"}% @STRING{MOBIEVAL = "Proc. ACM International Workshop on System evaluation for Mobile Platforms (MobiEval)"}%@STRING{SIGMETRICS = "Proc. ACM SIGMETRICS"}@STRING{SIGMETRICS = "Proc. ACM Special Interest Group on Measurement and Evaluation (SIGMETRICS)"}%@STRING{SIGCOMM = "Proc. ACM SIGCOMM"}@STRING{SIGCOMM = "Proc. ACM Special Interest Group on Data Communications (SIGCOMM)"}%@STRING{SENSYS = "Proc. ACM SenSys"}@STRING{SENSYS = "Proc. ACM Conference on Embedded Network Sensor Systems (SenSys)"}%@STRING{MOBIHOC = "Proc. ACM MobiHoc"}@STRING{MOBIHOC = "Proc. ACM International Symposium on Mobile Ad Hoc Networking and Computing (MobiHoc"}%@STRING{MOBISYS = "Proc. ACM MobiSys"}@STRING{MOBISYS = "Proc. ACM International Conference on Mobile Systems, Applications, and Services (MobiSys)"}%@STRING{DYSPAN = "Proc. IEEE DySPAN"}@STRING{DYSPAN = "Proc. IEEE Conference on Dynamic Spectrum Access Networks (DySPAN)"}%@STRING{HOTNETS = "Proc. ACM HotNets"}@STRING{HOTNETS = "Proc. ACM Workshop on Hot Topics in Networks (HotNets)"}%@STRING{ICC = "Proc. IEEE ICC"}@STRING{ICC = "Proc. IEEE International Conference on Communications (ICC)"}%@STRING{SECON = "Proc. IEEE SECON"}@STRING{SECON = "Proc. IEEE International Conference on Sensing, Communication, and Networking (SECON)"}%@STRING{OSDI = "Proc. USENIX OSDI"}@STRING{OSDI = "Proc. USENIX Symposium on Operating Systems Design and Implementation (OSDI)"}%@STRING{NSDI = "Proc. USENIX NSDI"}@STRING{NSDI = "Proc. USENIX Symposium on Networked Systems Design and Implementation (NSDI)"}%@STRING{GLOBECOM = "Proc. IEEE GLOBECOM"}@STRING{GLOBECOM = "Proc. IEEE Global Communications Conference, Exhibition, and Industry Forum (GLOBECOM)"}%@STRING{MILCOM = "Proc. IEEE MILCOM"}@STRING{MILCOM = "Proc. IEEE  Military Communications Conference (MILCOM)"}@STRING{CRAB = "Proc. of IEEE Workshop on Cognitive Radio Architectures for Broadband (CRAB)"}@STRING{ITC = "Proc. IEEE International Teletraffic Congress (ITC)"}@STRING{MOMUC = "Proc. IEEE International Workshop on Mobile Multimedia Communications (MoMuC)"}% @STRING{VTC = "Proc. IEEE VTC"}@STRING{VTC = "Proc. IEEE Vehicular Technology Conference (VTC)"}% @STRING{WCNC = "Proc. IEEE WCNC"}@STRING{WCNC = "Proc. IEEE Wireless Communications and Networking Conference (WCNC)"}@STRING{CISS="Proc. IEEE Conference on Information Sciences and Systems (CISS)"}@STRING{ALLERTON="Proc. Annual Allerton Conference On Communication, Control and Computing"}@STRING{IWQOS="Proc. IEEE International Workshop on Quality of Service (IWQoS)"}@STRING{ISCC="Proc. IEEE International Symposium on Computer Communications (ISCC)"}@STRING{PERCOM="Proc. IEEE Conference on Pervasive Computing and Communications (PerCom)"}@STRING{IMC = "Proc. ACM Internet Measurement Conference (IMC)"}%%% WHO IS THE SPONSOR??@STRING{WICON = "Proc. EAI International Wireless Internet Conference (WICON)"} @STRING{WINMEE = "Proc. IEEE International Workshop on Wireless Network Measurements (WinMee)"}% @STRING{ICDCS = "Proc. IEEE ICDCS"}@STRING{ICDCS = "Proc. IEEE International Conference on Distributed Computing Systems (ICDCS)"}% @STRING{ISCAS="Proc. IEEE ISCAS"}@STRING{ISCAS="Proc. IEEE International Symposium on Circuits and Systems (ISCAS)"}% @STRING{WISE="Proc. ACM WiSe"}@STRING{WISE="Proc. ACM Workshop on Wireless Security (WiSe)"}% @STRING{ICASSP="Proc. IEEE ICASSP"}@STRING{ICASSP="Proc. IEEE International Conference on Acoustics, Speech, and Signal Processing (ICASSP)"}% @STRING{WISEC="Proc. ACM WiSec"}@STRING{WISEC="Proc. ACM Wireless Network Security Conference (WiSec)"}% @STRING{ISIT="Proc. IEEE ISIT"}@STRING{ISIT="Proc. IEEE International Symposium on Information Theory (ISIT)"}% @STRING{MSWIM="Proc. ACM MSWiM"}@STRING{MSWIM="Proc. ACM Conference on Modeling, analysis and simulation of wireless and mobile systems (MSWiM)"}@STRING{SAM="Proc. IEEE Sensor Array and Multichannel Signal Processing Workshop (SAM)"}@STRING{IBC="Proc. International Broadcasting Convention (IBC)"}@STRING{ICACT="Proc. IEEE International Conference on Advanced Communication Technology (ICACT)"}@STRING{EUCAP="Proc. EurAAP European Conference on Antennas and Propagation (EuCAP)"} @STRING{ASILOMAR="Proc. Asilomar Conference on Signals, Systems and Computers"}@STRING{ISSSE="Proc. IEEE International Symposium on Signals, Systems and Electronics (ISSSE)"}%***********************************% ABBREVIATIONS FOR JOURNAL PAPERS *%***********************************@STRING{JSAC="IEEE Journal on Selected Areas in Communications"}@STRING{BALTZER="ACM Baltzer Journal of Wireless Networks"}@STRING{TIT = "IEEE Transactions on Information Theory"}@STRING{TON="IEEE Transactions on Networking"}@STRING{TCOMM="IEEE Transactions on Communications"}@STRING{TWCOMM="IEEE Transactions on Wireless Communications"}@STRING{TCOMP="IEEE Transactions on Computers"}@STRING{SIAMCOMP="SIAM Journal of Computing"}@STRING{EURASIP="EURASIP Journal on Applied Signal Processing"}@STRING{TSIG="IEEE Transactions on Signal Processing"}@STRING{IWCM="IEEE Wireless Communications Magazine"}@STRING{ICM="IEEE Communications Magazine"}@STRING{ITVT="IEEE Transactions on Vehicular Technology"}