% CEA Report
@techreport{cea2014unlicensed,
  title={{Unlicensed Spectrum and the American Economy}},
  year={2014},
  institution={Consumer Electronics Association (CEA)}
}

% PCAST Report
@techreport{pcast2011report,
  title={{Report to the President: Realizing the Full Potential of Government-Held Spectrum to Spur Economic Growth}},
  year={2012},
  month={July},
  institution={President's Council of Advisors on Science and Technology (PCAST)}
}

% Perspective Report
@techreport{perspective2009economic,
  title={{The Economic Value Generated by Current and Future Allocations of Unlicensed Spectrum}},
  year={2009},
  institution={Perspective Associates}
}

% Telecom Advisory Services LLC Report
@techreport{telecom2014assessment,
  title={{Assessment of the Future Economic Value of Unlicensed Spectrum in the United States}},
  year={2014},
  months={August},
  institution={Telecom Advisory Services LLC}
}

% UN Report
@techreport{un2012millenium,
  title={{The Millennium Development Goals Report}},
  year={2012},
  institution={United Nations},
  address={New York, NY}
}

% NYTimes Internet Gap
@article{nytimes2013gap,
  title={{Most of U.S. Is Wired, but Millions Aren?t Plugged In}},
  year={2013},
  month={August 8},
  author={Edward Wyatt},
  journal={New York Times}
}