@string{jsac="IEEE Journal of Selected Areas in Communications"}
@string{ton="IEEE/ACM Transactions on Networking"}
@string{toc="IEEE Transactions on Communications"}
@string{cacm="Communications of the {ACM}"}
@string{tocs="ACM Transactions on Computer Systems"}
@string{inm="IEEE Network Magazine"}
@string{itm="IEEE Transactions on Multimedia"}
@string{ccr="ACM Computer Communication Review"}
@string{tose="ACM Transactions on Software Engineering"}
@string{toit="ACM Transactions on Information Theory"}
@string{lncs="Lecture Notes in Computer Science"}

@string{utcs="Department of Computer Sciences, The University of Texas"}

@string{crypto84="Advances in cryptology, CRYPTO '84"}
@string{crypto89="Advances in cryptology, CRYPTO '89"}
@string{crypto92="Advances in cryptology, CRYPTO '92"}
@string{crypto93="Advances in cryptology, CRYPTO '93"}
@string{crypto94="Advances in cryptology, CRYPTO '94"}
@string{crypto95="Advances in cryptology, CRYPTO '95"}
@string{crypto96="Advances in cryptology, CRYPTO '96"}
@string{crypto97="Advances in cryptology, CRYPTO '97"}
@string{crypto98="Advances in cryptology, CRYPTO '98"}
@string{crypto99="Advances in cryptology, CRYPTO '99"}
@string{crypto00="Advances in cryptology, CRYPTO '00"}
@string{crypto01="Advances in cryptology, CRYPTO '01"}

@string{eurocrypt91="Advances in cryptology, EUROCRYPT '91"}
@string{eurocrypt92="Advances in cryptology, EUROCRYPT '92"}
@string{eurocrypt93="Advances in cryptology, EUROCRYPT '93"}
@string{eurocrypt94="Advances in cryptology, EUROCRYPT '94"}
@string{eurocrypt95="Advances in cryptology, EUROCRYPT '95"}
@string{eurocrypt96="Advances in cryptology, EUROCRYPT '96"}
@string{eurocrypt97="Advances in cryptology, EUROCRYPT '97"}
@string{eurocrypt98="Advances in cryptology, EUROCRYPT '98"}
@string{eurocrypt99="Advances in cryptology, EUROCRYPT '99"}
@string{eurocrypt00="Advances in cryptology, EUROCRYPT '00"}
@string{eurocrypt01="Advances in cryptology, EUROCRYPT '01"}
@string{eurocrypt02="Advances in cryptology, EUROCRYPT '02"}
@string{jsac="IEEE Journal of Selected Areas in Communications"}
@string{isit="IEEE International Symposium on Information Theory"}
@string{itit="IEEE Transactions on Information Theory"}


%*******************************************
% ABBREVIATIONS FOR CONFERENCE PROCEEDINGS *
%*******************************************

@STRING{CDC = "Proc. Control and Decision Conference (CDC)"}
@STRING{PIMRC = "Proc. IEEE Personal, Indoor, and Mobile Radio Communications Conference (PIMRC)"}
@STRING{INFOCOM = "Proc. IEEE INFOCOM"}
@STRING{MOBICOM = "Proc. ACM MobiCom"}
@STRING{MOBIEVAL = "Proc. ACM MobiEval"}
@STRING{SIGMETRICS = "Proc. ACM SIGMETRICS"}
@STRING{SIGCOMM = "Proc. ACM SIGCOMM"}
@STRING{SENSYS = "Proc. ACM SenSys"}
@STRING{MOBIHOC = "Proc. ACM MobiHoc"}
@STRING{MOBISYS = "Proc. ACM MobiSys"}
@STRING{DYSPAN = "Proc. IEEE DySPAN"}
@STRING{HOTNETS = "Proc. ACM HotNets"}
@STRING{ICC = "Proc. ICC"}
@STRING{SECON = "Proc. IEEE SECON"}
@STRING{OSDI = "Proc. OSDI"}
@STRING{NSDI = "Proc. NSDI"}
@STRING{GLOBECOM = "Proc. GLOBECOM"}
@STRING{MILCOM = "Proc. MILCOM"}
@STRING{ITC = "Proc. International Teletraffic Congress (ITC)"}
@STRING{MOMUC = "Proc. International Workshop on Mobile Multimedia Communications (MoMuC)"}
%@STRING{VTC = "Proc. IEEE Vehicular Technology Conference (VTC)"}
@STRING{VTC = "Proc. IEEE VTC"}
@STRING{WCNC = "Proc. IEEE Wireless Communications and Networking Conference (WCNC)"}
@STRING{CISS="Proc. Annual Conference on Information Sciences and Systems (CISS)"}
@STRING{ALLERTON="Proc. Annual Allerton Conference On Communication, Control and Computing"}
@STRING{IWQOS="Proc. IEEE International Workshop on Quality of Service (IWQoS)"}
@STRING{ISCC="Proc. International Symposium on Computer Communications (ISCC)"}
@STRING{PERCOM="Proc. IEEE Conference on Pervasive Computing and Communications (PerCom)"}
@STRING{IMC = "Proc. ACM Internet Measurement Conference (IMC)"}
@STRING{WICON = "Proc. International Wireless Internet Conference (WICON)"}
@STRING{WINMEE = "Proc. International workshop on Wireless Network Measurements (WinMee)"}
%@STRING{ICDCS = "Proc. IEEE International Conference on Distributed Computing Systems (ICDCS)"}
@STRING{ICDCS = "Proc. IEEE ICDCS"}
%@STRING{ISCAS="Proc. IEEE International Symposium on Circuits and Systems (ISCAS)"}
@STRING{ISCAS="Proc. IEEE ISCAS"}
%@STRING{WISE="Proc. ACM Workshop on Wireless Security (WiSe)"}
@STRING{WISE="Proc. ACM WiSe"}

@STRING{ISSPA="Proc. IEEE ISSPA"}

%@STRING{WISEC="Proc. ACM Wireless Network Security Conference (WiSec)"}
@STRING{WISEC="Proc. ACM WiSec"}

@STRING{RAWCON = "Proc. IEEE RAWCON"}

@STRING{ASILOMAR = "Proc. IEEE ACSSC"}

%***********************************
% ABBREVIATIONS FOR JOURNAL PAPERS *
%***********************************

@STRING{JSAC="IEEE Journal on Selected Areas in Communications"}
@STRING{BALTZER="ACM Baltzer Journal of Wireless Networks"}
@STRING{TIT = "IEEE Trans. on Information Theory"}
@STRING{TON="IEEE Trans. on Networking"}
@STRING{TCOMM="IEEE Trans. on Communications"}
@STRING{TCOMP="IEEE Trans. on Computers"}
@STRING{SIAMCOMP="SIAM Journal of Computing"}
@STRING{EURASIP="EURASIP Journal on Applied Signal Processing"}
@STRING{TSIG="IEEE Trans. on Signal Processing"}

@article{mumimoscheduling,
  title={Simplified semi-orthogonal user selection for MU-MIMO systems with ZFBF},
  author={Mao, Junling and Gao, Jinchun and Liu, Yuanan and Xie, Gang},
  journal={IEEE Wireless Communications Letters},
  volume={1},
  number={1},
  pages={42--45},
  year={2012},
  publisher={IEEE}
}

@inproceedings{Asilomar16,
  title={Understanding real many-antenna MU-MIMO channels},
  author={Shepard, Clayton and Ding, Jian and Guerra, Ryan E and Zhong, Lin},
  booktitle={Signals, Systems and Computers, 2016 50th Asilomar Conference on},
  pages={461--467},
  year={2016},
  organization={IEEE}
}

@inproceedings{Asilomar17,
  title={ArgosNet: An Efficient Multi-Cell Many-Antenna MU-MIMO Platform},
  author={Shepard, Clayton and Doost-Mohammady, Rahman ad Ding, Jian and Guerra, Ryan E and Zhong, Lin},
  booktitle={Signals, Systems and Computers, 2017 51st Asilomar Conference on},
  year={2017},
  organization={IEEE}
}

@misc{ChannelMeasurementWebsite,
  author =	 {Shepard, Clayton and Ding, Jian},
  title =	 {{Argos: Many-Antenna MU-MIMO Channel Measurement Repository}},
  howpublished = {\url{http://data.projectargos.org}}
}

@article{joshi2017output,
  title={Output Power Levels of 4G User Equipment and Implications on Realistic RF EMF Exposure Assessments},
  author={Joshi, Paramananda and Colombi, Davide and Thors, Bj{\"o}rn and Larsson, Lars-Eric and T{\"o}rnevik, Christer},
  journal={IEEE Access},
  volume={5},
  pages={4545--4550},
  year={2017},
  publisher={IEEE}
}

@misc{LTE_Beamforming,
  author =	 {{Rhode Schwarz}},
  title =	 {LTE Transmission Modes and Beamforming},
  year = {2015},
  howpublished = {\url{https://cdn.rohde-schwarz.com/pws/dl_downloads/dl_application/application_notes/1ma186/1MA186_2e_LTE_TMs_and_beamforming.pdf}}
}

@misc{SoapySDR,
  author =	 {{Joshua Blum}},
  title =	 {The SoapySDR Project},
  year = {2017},
  howpublished = {\url{https://github.com/pothosware/SoapySDR/wiki}}
}

@misc{HPUE,
  author =	 {{Qorvo}},
  title =	 {Power Class 2: What You Need to Know},
  year = {2016},
  howpublished = {\url{http://www.qorvo.com/design-hub/blog/power-class-2-what-you-need-to-know}}
}

@misc{UESensitivity,
  author =	 {{LTE Encyclopedia}},
  title =	 {LTE Radio Link Budgeting and RF Planning},
  year = {2017},
  howpublished = {\url{https://sites.google.com/site/lteencyclopedia/lte-radio-link-budgeting-and-rf-planning}}
}

@inproceedings{CellNet,
 author = {C.~Shepard and N.~Anand and L.~Zhong},
 title = {{Practical Performance of MU-MIMO Precoding in Many-antenna Base Stations}},
 booktitle = {Proc. ACM CellNet Workshop},
 year = {2013},
}

@inproceedings{Argos,
	author = {C.~Shepard and H.~Yu and N.~Anand and E.~Li and T.~Marzetta and R.~Yang and L.~Zhong},
	title = {{Argos}: Practical Many-Antenna Base Stations},
	year={2012},
	booktitle = MOBICOM,
}

@inproceedings{ArgosV2,
  title={{ArgosV2}: A Flexible Many-Antenna Research Platform},
  author={C.~Shepard and H.~Yu and L.~Zhong},
  booktitle={Extended Demonstration Abstract in Proc. ACM MobiCom},
  year={2013},
}


@inproceedings{Faros,
	author = {C.~Shepard and A.~Javed and L.~Zhong},
	title = {Control Channel Design for Many-Antenna MU-MIMO},
	year={2015},
	booktitle = MOBICOM,
}

@inproceedings{SoftNull,
	author = {E.~Everett and C.~Shepard and L.~Zhong and A.~Sabharwal},
	title = {Measurement-driven Evaluation of All-digital Many-antenna Full-duplex Communication},
	year={2015},
	booktitle = {arXiv Preprint},
}
 

@inproceedings{PUMA,
	author = {N.~Anand and J-K.~Lee and S-J.~Lee and E.~Knightly},
	title = {Mode and User Selection for Multi-User MIMO WLANs without CSI},
	year={2015},
	booktitle = INFOCOM,
} 


@misc{ArgosNet,
  author =	 {{Rice University}},
  title =	 {Rice wins \$2.4M to study many-antenna wireless},
  year={2015},
  howpublished = {\url{http://news.rice.edu/2015/11/23/rice-wins-2-4m-to-study-many-antenna-wireless}}
}

@misc{CiscoForecast,
  author =	 {{Cisco Inc.}},
  title =	 {Cisco Visual Networking Index: Global Mobile Data Traffic Forecast Update, 2014\mbox{-}2019},
  year={2015},
  howpublished = {\url{http://www.cisco.com/c/en/us/solutions/collateral/service-provider/visual-networking-index-vni/white_paper_c11-520862.html}}
}

@misc{LTEMarket,
  author =	 {{Wireless and Mobile Telecommunications}},
  title =	 {Wireless telecom infrastructure market worldwide â€“ Trends and developments},
  year={2014},
  howpublished = {\url{https://wirelesstelecom.wordpress.com/2014/09/02/wireless-telecom-infrastructure-market-worldwide-trends-and-developments}}
}

@misc{WLANMarket,
  author =	 {{International Data Corporation (IDC)}},
  title =	 {Worldwide WLAN Market Shows Mixed Results in Second Quarter of 2015},
  year={2015},
  howpublished = {\url{http://www.idc.com/getdoc.jsp?containerId=prUS25867015}}
}

@misc{BlueDanube,
  author =	 {{Blue Danube Systems, Inc.}},
  title =	 {Blue Danube Systems, Inc.},
  year={2015},
  howpublished = {\url{http://www.bluedanube.com/}}
}

@misc{Artemis,
  author =	 {{Artemis Networks LLC.}},
  title =	 {Artemis Networks LLC.},
  year={2015},
  howpublished = {\url{http://www.artemis.com/}}
}

@misc{ArtemisAsilomar,
  author =	 {A.~Forenza and S.~Perlman and F.~Saibi and M.~Dio and R.~Laan and G.~Caire},
  title =	 {Achieving Large Multiplexing Gain in Distributed Antenna Systems via Cooperation with pCell Technology},
  year={2015},
  howpublished = {\url{http://www.artemis.com/}}
}

@misc{FCC-3.5GHz,
  author =	 {{U.S. Federal Communications Commission}},
  title =	 {REPORT AND ORDER AND SECOND FURTHER NOTICE OF PROPOSED RULEMAKING, FCC 15\mbox{-}47, GN Docket No. 12\mbox{-}354},
  year = {April 17, 2015},
}

@misc{FCC-3.5-Commissioner,
  author =	 {{U.S. Federal Communications Commission}},
  title =	 {STATEMENT OF COMMISSIONER AJIT PAI APPROVING IN PART AND CONCURRING IN PART, GN Docket No. 12\mbox{-}354},
  year = {April 21, 2015},
}

@misc{CellularFrequency,
  author =	 {{Wikipedia}},
  title =	 {Cellular frequencies},
  year = {2015},
  howpublished = {\url{https://en.wikipedia.org/wiki/Cellular_frequencies}}
}

@misc{CellularRevenue,
  author =	 {{GSMA}},
  title =	 {The Mobile Economy 2015},
  year = {2015},
  howpublished = {\url{http://www.gsmamobileeconomy.com/GSMA_Global_Mobile_Economy_Report_2015.pdf}}
}
 
@inproceedings{LTECFO,
  title={Carrier frequency synchronization in the downlink of 3GPP LTE},
  author={Wang, Qi and Mehlfuhrer, Christian and Rupp, Markus},
  booktitle={IEEE Int. Synp. Personal Indoor and Mobile Radio Communications (PIMRC)},
  pages={939--944},
  year={2010},
}

@book{WirelessBook,
  title={Fundamentals of Wireless Communication},
  author={Tse, David and Viswanath, Pramod},
  year={2005},
  publisher={Cambridge University Press}
}

@book{LTEBook,
  title={LTE for 4G mobile broadband: air interface technologies and performance},
  author={Khan, Farooq},
  year={2009},
  publisher={Cambridge University Press}
}

@ARTICLE{DFT1,
   author = {{Rudnick}, P.},
    title = "{Digital Beamforming in the Frequency Domain}",
  journal = {Acoustical Society of America Journal},
     year = 1969,
   volume = 46,
    pages = {1089},
      doi = {10.1121/1.1911828},
   adsurl = {http://adsabs.harvard.edu/abs/1969ASAJ...46.1089R},
  adsnote = {Provided by the SAO/NASA Astrophysics Data System}
}

@inproceedings{DFT2,
  title={Frequency domain beamforming techniques},
  author={DeMuth, Gordon L},
  booktitle={Acoustics, Speech, and Signal Processing, IEEE International Conference on ICASSP'77.},
  volume={2},
  pages={713--715},
  year={1977},
  organization={IEEE}
}

@article{DFT3,
  title={Efficient digital beamforming in the frequency domain},
  author={Maranda, Brian},
  journal={The Journal of the Acoustical Society of America},
  volume={86},
  number={5},
  pages={1813--1819},
  year={1989},
  publisher={Acoustical Society of America}
}


@article{frank1963polyphase,
  title={Polyphase codes with good nonperiodic correlation properties},
  author={Frank, Robert L},
  journal={IEEE Transactions on Information Theory},
  volume={9},
  number={1},
  pages={43--45},
  year={1963},
}

@article{chu1972polyphase,
  title={Polyphase codes with good periodic correlation properties (corresp.)},
  author={Chu, David},
  journal={IEEE Transactions on information theory},
  pages={531--532},
  year={1972}
}

@article{sarwate1980crosscorrelation,
  title={Crosscorrelation properties of pseudorandom and related sequences},
  author={Sarwate, Dilip V and Pursley, Michael B},
  journal={Proceedings of the IEEE},
  volume={68},
  number={5},
  pages={593--619},
  year={1980},
}

@article{van1988beamforming,
  title={Beamforming: A versatile approach to spatial filtering},
  author={Van Veen, Barry D and Buckley, Kevin M},
  journal={IEEE ASSP magazine},
  volume={5},
  number={2},
  pages={4--24},
  year={1988}
}

@inproceedings{nitsche2015steering,
  title={Steering with Eyes Closed: mm-Wave Beam Steering without In-Band Measurement},
  author={Nitsche, Thomas and Flores, Adriana B and Knightly, Edward W and Widmer, Joerg},
  booktitle={Proc. IEEE INFOCOM},
  year={2015}
}

@inproceedings{karlsson2014operation,
  title={On the operation of massive MIMO with and without transmitter CSI},
  author={Karlsson, Marcus and Larsson, Erik G},
  booktitle={IEEE Int. Wrkshp. Signal Processing Advances in Wireless Communications (SPAWC)},
  pages={1--5},
  year={2014},
}

@inproceedings{chen2004multiuser,
  title={Multiuser space-time block coded MIMO with downlink precoding},
  author={Chen, Runhua and Andews, JG and Health Jr, RW},
  booktitle={IEEE Int. Conf. Communications},
  volume={5},
  year={2004},
}


@misc{WhiteRabbit,
  title={The white rabbit project},
  author={Serrano, Javier and Lipinski, M and Wlostowski, T and Gousiou, E and van der Bij, Erik and Cattin, M and Daniluk, G},
	howpublished = {\url{http://www.ohwr.org/projects/white-rabbit}},
  year={2013}
}
@misc{pCell,
  title={{pCell}: Wireless Reinvented},
  author={Perlman, Steve and Forenza, Antonio},
  howpublished = {\url{http://www.rearden.com/artemis/An-Introduction-to-pCell-White-Paper-150224.pdf}},
  year={2014}
}

@inproceedings{Lund,
  title={A flexible 100-antenna testbed for Massive {MIMO}},
  author={Vieira, Joao and Malkowsky, Steffen and Nieman, Karl and Miers, Zachary and Kundargi, Nikhil and Liu, Liang and Wong, Ian and Owall, Viktor and Edfors, Ove and Tufvesson, Fredrik},
  booktitle={IEEE GLOBECOM Wrkshp. Massive MIMO: from theory to practice},
  year={2014}
}

@inproceedings{BigStation,
  title={{BigStation}: Enabling scalable real-time signal processing in large {MU-MIMO} systems},
  author={Yang, Qing and Li, Xiaoxiao and Yao, Hongyi and Fang, Ji and Tan, Kun and Hu, Wenjun and Zhang, Jiansong and Zhang, Yongguang},
  booktitle={Proc. ACM SIGCOMM},
  year={2013},
}

@misc{Nutaq,
  author={Nutaq},
  title = {{TitanMIMO}},
  howpublished = {\url{http://nutaq.com/en/products/titanmimo}},
}

@misc{Beecube,
  author={Xilinx},
  title = {{Xilinx} and {BEEcube} Announce  Highly Scalable Prototyping Platform for {5G} Massive {MIMO} Antenna Systems},
  howpublished = {\url{http://press.xilinx.com/2015-02-25-Xilinx-and-BEEcube-Announce-Highly-Scalable-Prototyping-Platform-for-5G-Massive-MIMO-Antenna-Systems}},
}

@misc{3gpp64,
  author={3GPP},
  title = {Study on Elevation Beamforming/Full-Dimension ({FD}) {MIMO} for {LTE}},
  howpublished = {\url{http://www.3gpp.org/ftp/tsg_ran/tsg_ran/TSGR_65/Docs/RP-141644.zip}},
}

@misc{CPRI,
  title = {Common Public Radio Interface},
  howpublished = {\url{http://www.cpri.info/spec.html}},
}

@misc{Commercialization,
  title = {Samsung takes first {5G} steps},
  howpublished = {\url{http://www.computerworld.com/article/2497385/data-center/samsung-takes-first-5g-steps-with-advanced-antenna.html}},
}

@misc{LTERACH,
	title = {{LTE}: Random Access},
	author = {Almamy Touray},
	year = {2009},
	howpublished = {\url{http://www.lmk.lnt.de/fileadmin/Lehre/Seminar09/Ausarbeitungen/Ausarbeitung_Touray.pdf}},
}

@book{CodingOverview,
  title={{LTE} for {4G} mobile broadband: air interface technologies and performance},
  author={Khan, Farooq},
  year={2009},
  publisher={Cambridge University Press},
  pages={187{-}195}
}

@article{CodingOverview1,
  title={Design and analyze the various m-sequences codes in MATLAB},
  author={Khatter, Anshul and Goyal, Poonam},
  journal={Int. J. Emerg. Technol. Adv. Eng},
  volume={11},
  pages={125--129},
  year={2012},
  publisher={Citeseer}
}

@book{CodingOverview2,
  title={Wireless communications systems and networks},
  author={Guizani, Mohsen},
  year={2004},
  publisher={Springer Science \& Business Media}
}
@book{CodingOverview3,
  title={Spread spectrum communications handbook},
  author={Simon, Marvin Kenneth and Omura, Jim K and Scholtz, Robert A and Levitt, Barry K},
  volume={2},
  year={1994},
  publisher={McGraw-Hill New York}
}

@book{CDD,
  title={Next Generation Wireless LANs: 802.11 n and 802.11 ac},
  author={Perahia, Eldad and Stacey, Robert},
  year={2013},
  publisher={Cambridge university press},
  pages = {75}
}

@book{perahia2013next,
  title={Next Generation Wireless LANs: 802.11 n and 802.11 ac},
  author={Perahia, Eldad and Stacey, Robert},
  year={2013},
  publisher={Cambridge university press}
}

@inproceedings{SamsungFDMIMO,
  title={Implementation of full-dimensional {MIMO} ({FD-MIMO}) in {LTE}},
  author={Li, Yang and Xm, Yan and Dong, Mian and Xu, Gary and Zhang, Jianzhong Charlie and Kim, Younsun and Lee, Juho},
  booktitle={Proc. IEEE Asilomar Conference},
  pages={998--1003},
  year={2013},
}

@article{SamsungFDMIMO2,
  title={Full-dimension {MIMO} ({FD-MIMO}) for next generation cellular technology},
  author={Nam, Young-Han and Ng, Boon Loong and Sayana, Krishna and Li, Yang and Zhang, Jianzhong and Kim, Younsun and Lee, Juho},
  journal={IEEE Communications Magazine},
  volume={51},
  number={6},
  pages={172--179},
  year={2013},
}

@article{uthansakul2011open,
  title={Open-loop beamforming technique for {MIMO} system and its practical realization},
  author={Uthansakul, Peerapong and Innok, Apinya and Uthansakul, Monthippa},
  journal={International Journal of Antennas and Propagation},
  volume={2011},
  year={2011},
  publisher={Hindawi Publishing Corporation}
}

@book{CiscoSINR,
  title={Cisco Wireless Mesh Access Points, Design and Deployment Guide, Release 7.3},
  author={{Cisco Systems, Inc.}},
  url={http://www.cisco.com/c/en/us/td/docs/wireless/technology/mesh/7-3/design/guide/Mesh.pdf},
  year={2012},
}

misc{CiscoSINR,
  title={Cisco Wireless Mesh Access Points, Design and Deployment Guide, Release 7.3},
  author={{Cisco Systems, Inc.}},
  year={2012}
}
%howpublished = {\url{http://www.cisco.com/c/en/us/td/docs/wireless/technology/mesh/7-3/design/guide/Mesh.pdf}},
  

@book{WiFiBook,
  title={Next Generation Wireless LANs: Throughput, Robustness, and Reliability in 802.11n},
  author={Perahia, E. and Stacey, R.},
  series={IT Pro},
  year={2008},
  publisher={Cambridge University Press}
}


@INPROCEEDINGS{DickOFDM, 
author={Dick, C. and Harris, F.}, 
booktitle={Proc. IEEE Asilomar Conference}, 
title={{FPGA} implementation of an {OFDM PHY}}, 
year={2003}, 
month={November}, 
}

@ARTICLE{IEEECoherence,
  title={Measured Channel Variation and Coherence Time in NTT Lab},
  author={Riichi Kudo and Koichi Ishihara and Yasishi Takatori},
  booktitle={IEEE 802.11-10/0087r0},
  year={2010},
}


@article{USCCalib,
   author              = {Ryan Rogalin and 
                          Ozgun Y. Bursalioglu and 
                          Haralabos C. Papadopoulos and 
                          Giuseppe Caire and 
                          Andreas F. Molisch and 
                          Antonios Michaloliakos and 
                          Horia Vlad Balan and 
                          Konstantinos Psounis},
   title               = {Scalable Synchronization and Reciprocity Calibration for Distributed Multiuser {MIMO}},
   journal             = {IEEE Transactions on Wireless Communications},
   year                = {2014},
   pages               = {1815-1831},
}



@ARTICLE{HadamardBeamforming, 
	author={Young Gil Kim and Beaulieu, N.C.}, 
	journal={IEEE Transactions on Communications}, 
	title={On {MIMO} beamforming systems using quantized feedback}, 
	year={2010}, 
	month={March}, 
	volume={58}, 
	number={3}, 
	pages={820-827}, 
	}

@INPROCEEDINGS{nishimori2014implicit, 
	author={Nishimori, K. and Hiraguri, T. and Ogawa, T. and Yamada, H.}, 
	booktitle={Intl. Symp. Antennas and Propagation (ISAP)}, 
	title={Throughput performance on {IEEE 802.11ac} based massive {MIMO} considering calibration errors}, 
	year={2014}, 
	month={Dec}, 
}

@article{nishimori2001automatic,
  title={Automatic calibration method using transmitting signals of an adaptive array for {TDD} systems},
  author={Nishimori, Kentaro and Cho, Keizo and Takatori, Yasushi and Hori, Toshikazu},
  journal={IEEE Transactions on Vehicular Technology},
  volume={50},
  number={6},
  pages={1636--1640},
  year={2001},
}


@article{ZetterbergCalib,
  title={Experimental investigation of {TDD} reciprocity-based zero-forcing transmit precoding},
  author={Zetterberg, Per},
  journal={EURASIP Journal on Advances in Signal Processing},
  volume={2011},
  pages={5},
  year={2011},
  publisher={Hindawi Publishing Corp.}
}

@article{SchmidlCox,
  title={Robust frequency and timing synchronization for {OFDM}},
  author={Schmidl, Timothy M and Cox, Donald C},
  journal={IEEE Transactions on Communications},
  volume={45},
  number={12},
  pages={1613--1621},
  year={1997},
  publisher={IEEE}
}

@inproceedings{Tufvesson,
  title={Time and frequency synchronization for {OFDM} using {PN}-sequence preambles},
  author={Tufvesson, Fredrik and Edfors, Ove and Faulkner, Mike},
  booktitle={Proc. IEEE VTC},
  volume={4},
  pages={2203--2207},
  year={1999},
 }

@ARTICLE{PatrickCFO, 
author={Murphy, P. and Sabharwal, A.}, 
journal={IEEE Transactions on Vehicular Technology}, 
title={Design, Implementation, and Characterization of a Cooperative Communications System}, 
year={2011}, 
month={July}, 
volume={60}, 
number={6}, 
pages={2534-2544}, 
}

@article{OpenLoop,
  title={Open-loop beamforming technique for {MIMO} system and its practical realization},
  author={Uthansakul, Peerapong and Innok, Apinya and Uthansakul, Monthippa},
  journal={International Journal of Antennas and Propagation},
  volume={2011},
  year={2011},
  publisher={Hindawi Publishing Corporation}
}

@ARTICLE{AirSync, 
author={Balan, H.V. and Rogalin, R. and Michaloliakos, A. and Psounis, K. and Caire, G.}, 
journal={IEEE/ACM Transactions on Networking}, 
title={{AirSync}: Enabling Distributed Multiuser {MIMO} With Full Spatial Multiplexing}, 
year={2013}, 
month={Dec}, 
volume={21}, 
number={6}, 
pages={1681-1695}, 
}

@article{airsyncarxiv,
  title={{AirSync}: Enabling distributed multiuser {MIMO} with full spatial multiplexing},
  author={Balan, Horia Vlad and Rogalin, Ryan and Michaloliakos, Antonios and Psounis, Konstantinos and Caire, Giuseppe},
  journal={arXiv preprint arXiv:1205.6862},
  year={2012}
}

@inproceedings{MegaMIMO,
  title={{JMB}: scaling wireless capacity with user demands},
  author={Rahul, Hariharan and Kumar, Swarun and Katabi, Dina},
  year={2012},
booktitle=SIGCOMM,
}

@ARTICLE{MassiveMIMOSurvey, 
author={Larsson, E. and Edfors, O. and Tufvesson, F. and Marzetta, T.}, 
journal={IEEE Communications Magazine}, 
title={Massive {MIMO} for next generation wireless systems}, 
year={2014}, 
month={February}, 
volume={52}, 
number={2}, 
pages={186-195}, 
}

@article{massivemimosurveyarxiv,
  title={Massive {MIMO} for next generation wireless systems},
  author={Larsson, Erik G and Tufvesson, Fredrik and Edfors, Ove and Marzetta, Thomas L},
  journal={arXiv preprint arXiv:1304.6690},
  year={2013}
}

@article{E-mili,
  title={{E-Mili}: energy-minimizing idle listening in wireless networks},
  author={Zhang, Xinyu and Shin, Kang G},
  journal={IEEE Transactions on Mobile Computing},
  volume={11},
  number={9},
  pages={1441--1454},
  year={2012},
}

@inproceedings{802.11ec,
  title={802.11ec: collision avoidance without control messages},
  author={Magistretti, Eugenio and Gurewitz, Omer and Knightly, Edward W},
  booktitle=MOBICOM,
  year={2012},
}


@inproceedings{knightly10mobicom,
    author = {E.~Aryafar and N.~Anand and T.~Salonidis and E.~Knightly},
    title = {Design and Experimental Evaluation of Multi-User Beamforming in {W}ireless {LAN}s},
    year={2010},
  booktitle = MOBICOM,
}

@misc{Arraycomm,
  title =	 {{ArrayComm}},
  howpublished = {\url{http://www.arraycomm.com}}
}

@misc{SmallCell,
  title =	 {{Small Cell}},
  howpublished = {\url{en.wikipedia.org/wiki/Small_cell}}
}

@misc{LTE,
  title =	 {{3GPP Release 9}},
  howpublished = {\url{www.3gpp.org/Release-9}}
}

@misc{80211ac,
  title =	 {{IEEE 802.11ac}},
  howpublished = {\url{mentor.ieee.org}}
}

@misc{InfiniBand,
  title =	 {{InfiniBand}},
  howpublished = {\url{www.infinibandta.org}}
}


@misc{CiscoForecast2011,
  author =	 {{Cisco Inc.}},
  title =	 {Cisco Visual Networking Index: Global Mobile Data Traffic Forecast Update, 2011\mbox{-}2016},
  howpublished = {\url{cisco.com/en/US/solutions/collateral/ns341/ns525/ns537/ns705/ns827/white_paper_c11-520862.html}}
}


@misc{maxim2829,
  author =	 {Maxim},
  title =	 {Single-/Dual-Band 802.11a/b/g World-Band Transceiver {IC}s},
  howpublished = {\url{datasheets.maxim-ic.com/en/ds/MAX2828-MAX2829.pdf}}
}

@misc{WARP,
  author =	 {{Rice University Wireless Open Access Research Platform}},
  howpublished = {\url{warp.rice.edu}}
}


@misc{virtex7,
  author =	 {{Xilinx Inc.}},
  title =	 {{7 Series FPGAs Overview}},
  howpublished = {\url{xilinx.com/support/documentation/data_sheets/ds180_7Series_Overview.pdf}}
}

@misc{virtex2p,
  author =	 {{Xilinx Inc.}},
  title =	 {{Virtex-II Pro and Virtex-II Pro X Platform FPGAs: Introduction and Overview}},
  howpublished = {\url{xilinx.com/support/documentation/data_sheets/ds083.pdf}}
}


@inproceedings{amirisani10mobicom,
 author = {A.~Amiri Sani and L.~Zhong and A.~Sabharwal},
 title = {Directional antenna diversity for mobile devices: characterizations and solutions},
 booktitle = MOBICOM,
 year = {2010},
 }

@INPROCEEDINGS{calibHardware03,
author={A.~Bourdoux and B.~Come and N.~Khaled},
booktitle=RAWCON,
title={Non-reciprocal transceivers in {OFDM/SDMA} systems: impact and mitigation},
year={2003},
}

@ARTICLE{Dick07,
author={C.~Dick and F.~Harris and M.~Pajic and D.~Vuletic},
journal={Xcell J.},
title={Implementing a Real-Time Beamformer on an {FPGA} Platform},
year={2007},
}

@ARTICLE{MassiveMIMO1,
author={F.~Rusek and D.~Persson and B.~Lau and E.~Larsson and T.L.~Marzetta and O.~Edfors and F.~Tufvesson},
journal={arXiv:1201.3210v1 [cs.IT]},
title={Scaling up {MIMO}: Opportunities and Challenges With Very Large Arrays},
year={2011},
}

@INPROCEEDINGS{calib05,
author={M.~Guillaud and D.T.M.~Slock and R.~Knopp},
booktitle=ISSPA,
title={A practical method for wireless channel reciprocity exploitation through relative calibration},
year={2005},
}



@ARTICLE{MassiveMIMO3,
author={H.~Huh and G.~Caire and H.C.~Papadopoulos and S.A.~Ramprashad},
journal={IEEE-APS Topical Conf. on APWC},
title={Achieving Large Spectral Efficiency with {TDD} and Not-so-Many Base-Station Antennas},
year={2011},
}


@ARTICLE{CongZFBFUL,
author={H.~Ngo and E.~Larsson and T.L.~Marzetta},
journal=TCOMM,
title={Energy and Spectral Efficiency of Very Large Multiuser {MIMO} Systems},
year={2011},
}

@inproceedings{BeamAdapt,
 author = {H.~Yu and L.~Zhong and A.~Sabharwal and D.~Kao},
 title = {Beamforming on Mobile Devices: A First Study},
 booktitle = MOBICOM,
 year = {2011},
}


@ARTICLE{MassiveMIMO2,
author={J.~Hoydis and S.~ten Brink and M.~Debbah},
journal={arXiv:1107.1709v2 [cs.IT]},
title={Massive {MIMO}: How many antennas do we need?},
year={2011},
}

@ARTICLE{mrt,
author={T.K.Y.~Lo},
journal=TCOMM,
title={Maximum ratio transmission},
year={1999},
}


@INPROCEEDINGS{MarzettaACSSC06,
author={T.L.~Marzetta},
booktitle=ASILOMAR,
title={How Much Training is Required for Multiuser {MIMO}?},
year={2006},
}


@mastersthesis{ArgosThesis,
  author={C.~Shepard},
  title={Argos: Practical Base Stations with Large-scale Multi-user Beamforming},
  school={Rice University},
  year={2012},
  month={April},
  note={Available at: \url{clay.rice.edu/pubs/MasterThesis.pdf}},
}


@INPROCEEDINGS{OSMR,
    author={Z.~Zhang and S.~Bronson and J.~Xie and H.~Wei},
    booktitle=INFOCOM,
    title={Employing the One-Sender-Multiple-Receiver Technique in Wireless LANs},
    year={2010},
}

@inproceedings{BeamSwitch,
 author = {A.~Amiri Sani and L.~Zhong and A.~Sabharwal},
 title = {Directional Antenna Diversity for Mobile Devices: Characterizations and Solutions},
 booktitle = MOBICOM,
 year = {2010},
}

@ARTICLE{Marzetta2010TransWC,
author={T.L.~Marzetta},
journal={IEEE Trans. on Wireless Communications},
title={Noncooperative Cellular Wireless with Unlimited Numbers of Base Station Antennas},
year={2010},
}

@ARTICLE{royalty-rates,
author={E. Stasik},
title={Royalty Rates and Licensing Strategies for Essential Patents on LTE (4G) Telecommunications Standards},
year=2010
}

@Book{TV05,
author={D.~Tse and P.~Viswanath},
title={Fundamentals of Wireless Communication},
  PUBLISHER =    {Cambridge University Press},
  YEAR =         {2005},
}


@inproceedings{Calibration1,
 author = {J.~Shi and Q.~Luo and M.~You},
 title = {An Efficient Method for Enhancing {TDD} Over the Air Reciprocity Calibration},
 booktitle = {Proc. IEEE WCNC},
 year = {2011},
}

@inproceedings{Calibration2,
 author = {Y.~Hara and Y.~Yano and H.~Kubo},
 title = {Antenna Array Calibration Using Frequency Selection in {OFDMA/TDD} Systems},
 booktitle = {Proc. IEEE GLOBECOM},
 year = {2008},
}

@ARTICLE{MUMIMO,
    author={D.~Gesbert and M.~Kountouris and R.W.~Heath and C.~Chae and T.~Salzer},
    journal={IEEE Signal Processing Magazine},
    title={Shifting the {MIMO} Paradigm},
    year={2007},
}

@INPROCEEDINGS{3DMIMO,
    author={J.~Koppenborg and H.~Halbauer and S.~Saur and C.~Hoek},
    booktitle={Int. Workshop on Smart Antennas},
    title={{3D} Beamforming Trials with an Active Antenna Array},
    year={2012},
}

@ARTICLE{MarzettaSurvey,
    author={Erik G. Larsson and Fredrik Tufvesson and Ove Edfors and Thomas L. Marzetta},
    journal={arXiv:1304.6690 [cs.IT]},
    title={{Massive MIMO for Next Generation Wireless Systems}},
    year={2013},
}


@INPROCEEDINGS{PCP,
    author={A.~Ashikhmin. and T.~Marzetta},
    booktitle={IEEE Int. Symp. Information Theory (ISIT)},
    title={{Pilot Contamination Precoding in Multi-cell Large Scale Antenna Systems}},
    year={2012},
}

@inproceedings{SORA,
 author = {Kun Tan and Jiansong Zhang and Ji Fang and He Liu and Yusheng Ye and Shen Wang and Yongguang Zhang and Haitao Wu and Wei Wang and Geoffrey M. Voelker},
 title = {{Sora: High Performance Software Radio Using General Purpose Multi-core Processors}},
 booktitle = {Proc. USENIX NSDI},
 year = {2009},
}

@ARTICLE{ConstantEnvelope,
    author={S.K.~Mohammed and E.G.~Larsson},
    journal={IEEE Trans. Communications},
    title={{Per-Antenna Constant Envelope Precoding for Large Multi-User MIMO Systems}},
    year={2013},
}
