% Papers that I have authored.

% Anand & Guerra UHF-Band MUMIMO Experimental
@inproceedings{guerra2016opportunistic,
  title={{Opportunistic Channel Estimation for Implicit 802.11af MU-MIMO}},
  author={Ryan E. Guerra and Narendra Anand and Clayton W. Shepard and Edward W. Knightly},
  booktitle={ITC28},
	month={Sept.},
	address={Wurzburg, Germany},
  year={2016},
}

% ArgosV3 Design
@inproceedings{shepard2017argosv3,
  title={{ArgosV3: An Efficient Many-Antenna Platform}},
  author={Shepard, Clayton W and Doost-Mohammady, Rahman and Guerra, Ryan E and Zhong, Lin},
  booktitle={Proceedings of the 23rd Annual International Conference on Mobile Computing and Networking},
  pages={501--503},
  year={2017},
  organization={ACM},
}

% Shepard & Guerra Channel Measurements
@inproceedings{shepard2016understanding,
  title={{Understanding Real Many-Antenna MU-MIMO Channels}},
  author={Shepard, Clayton W and Ding, Jian and Guerra, Ryan E and Zhong, Lin},
  booktitle={Proc of IEEE Asilomar Signals, Systems, and Computers},
  month={November},
  year={2016},
}

% Anand & Guerra UHF-Band MUMIMO Experimental
@article{anand2014case,
  title={{The Case for UHF-band MU-MIMO}},
  author={Anand, Narendra and Guerra, Ryan E and Knightly, Edward W},
  journal={Proc. of ACM MobiCom},
  month={September},
  address={Maui, HI},
  year={2014},
  doi={10.1145/2639108.2639144},
}

% Flores 802.11af Paper
@article{flores2013ieee80211af,
 title={{IEEE 802.11af: A Standard for TV White Space Spectrum Sharing}},
 author={Flores, Adriana and Guerra, Ryan E and Knightly, Edward W and Ecclesine, Peter and Pandey, Santosh},
 journal={IEEE Communications Magazine},
 year={2013},
 month={October},
 doi={10.1109/MCOM.2013.6619571},
}

%
@article{shepardargosnet,
  title={ArgosNet: A Multi-Cell Many-Antenna MU-MIMO Platform},
  author={Shepard, Clayton and Doost-Mohammady, Rahman and Ding, Jian and Guerra, Ryan E and Zhong, Lin},
  booktitle={Proc of IEEE Asilomar Signals, Systems, and Computers},
  month={November},
  year={2017},
}

% Anand & Guerra Demo Hotspots
@article{guerra2014demo-mobicom,
  key="007",
  title={{Demo: An open-source development platform for long-range UHF-connected wifi hotspots}},
  author={Guerra, Ryan E and Anand, Narendra and Knightly, Edward},
  journal={Proc. of ACM MobiCom},
  month={September},
  address={Maui, HI},
  year={2014},
  doi={10.1145/2639108.2641753},
}

% Anand & Guerra Demo Hotspots
@article{guerra2014demo-nsdi,
  key="008",
  title={{Demo: A Platform for At-Scale Wideband UHF MU-MIMO Systems}},
  author={Guerra, Ryan E and Anand, Narendra and Knightly, Edward W},
  journal={Proc. of USENIX NSDI},
  month={April},
  address={Seattle, WA},
  year={2014},
}

% ============================================================================
% Independent publications that use WURC

@inproceedings{wei2015acoustic,
  title={Acoustic eavesdropping through wireless vibrometry},
  author={Wei, Teng and Wang, Shu and Zhou, Anfu and Zhang, Xinyu},
  booktitle={Proceedings of the 21st Annual International Conference on Mobile Computing and Networking},
  pages={130--141},
  year={2015},
  organization={ACM}
}

@inproceedings{sur2015bridging,
  title={Bridging link power asymmetry in mobile whitespace networks},
  author={Sur, Sanjib and Zhang, Xinyu},
  booktitle={Computer Communications (INFOCOM), 2015 IEEE Conference on},
  pages={1176--1184},
  year={2015},
  organization={IEEE}
}

@article{zhang2016watch,
  title={WATCH: WiFi in active TV channels},
  author={Zhang, Xu and Knightly, Edward W},
  journal={IEEE Transactions on Cognitive Communications and Networking},
  volume={2},
  number={4},
  pages={330--342},
  year={2016},
  publisher={IEEE}
}

@phdthesis{tarver2016sub,
  title={Sub-Band Digital Predistortion for Noncontiguous Carriers: Implementation and Testing},
  author={Tarver, Chance A},
  year={2016},
  school={Rice University},
  note={{Masters Thesis}},
}

@phdthesis{zhang2014watch,
  title={WATCH: Enabling WiFi in Active TV Channels},
  author={Zhang, Xu},
  year={2014},
  school={Rice University},
  note={{Masters Thesis}},
}