% Items added for citation within my thesis that have no other home.

% Marzetta Seminal Paper
@article{marzetta2010noncooperative,
  title={{Noncooperative cellular wireless with unlimited numbers of base station antennas}},
  author={Marzetta, Thomas L},
  journal={IEEE Transactions on Wireless Communications},
  volume={9},
  number={11},
  pages={3590--3600},
  year={2010},
  publisher={IEEE}
}

% Marzetta Magazine Massive MIMO
@article{larsson2014massive,
  title={{Massive MIMO for next generation wireless systems}},
  author={Larsson, Erik and Edfors, Ove and Tufvesson, Fredrik and Marzetta, Thomas},
  journal={Communications Magazine, {IEEE}},
  volume={52},
  number={2},
  pages={186--195},
  year={2014},
  publisher={IEEE}
}

% Marzetta Cnjugate vs. Zero-forcing Performance Theory
@article{yang2013performance,
  title={{Performance of conjugate and zero-forcing beamforming in large-scale antenna systems}},
  author={Yang, Hong and Marzetta, Thomas L},
  journal={IEEE Journal on Selected Areas in Communications},
  volume={31},
  number={2},
  pages={172--179},
  year={2013},
  publisher={IEEE}
}


% Gareth Middleton AGC Effects on Qantization Masters Thesis
@phdthesis{middleton2007agc,
	title={{On the Effects of Quantization on the Performance of Wireless Communications Systems}},
	author={Middleton, Gareth B},
	year={2007},
	school={Rice University},
	type={Masters thesis}
}

% Analog Devices SINAD/ENOB/SNR/THD Application Note
@manual{adi2008sinad,
    organization  = "Analog Devices",
    title         = "{Understanding SINAD, ENOB, SNR, THD, THD + N, and SFDR so you Don't Get Lost in the Noise Floor}",
		author				= {Kester, Walt},
    number        = "MY-003",
    year          =  2008,
    month         =  10,    
    note          = "Rev. A"
}

% Analog Devices SINAD/ENOB/SNR/THD Application Note
@manual{rohde2011enob,
    organization  = "Rohde \& Schwarz",
    title         = "{The Effective Number of Bits (ENOB) of my R\&S Digital Oscilloscope}",
		author				= {Schaefer, Dr. Andrew},
    number        = "1ER03_1e",
    year          =  2011,
}

% Lund
@inproceedings{payami2012channel,
  title={{Channel measurements and analysis for very large array systems at 2.6 GHz}},
  author={Payami, Sohail and Tufvesson, Fredrik},
  booktitle={2012 6th European Conference on Antennas and Propagation (EUCAP)},
  pages={433--437},
  year={2012},
  organization={IEEE}
}
% Lund
@inproceedings{gao2011linear,
  title={{Linear pre-coding performance in measured very-large MIMO channels}},
  author={Gao, Xiang and Edfors, Ove and Rusek, Fredrik and Tufvesson, Fredrik},
  booktitle={Vehicular Technology Conference (VTC Fall), 2011 IEEE},
  pages={1--5},
  year={2011},
  organization={IEEE}
}
% 
@article{bohagen2007design,
  title={{Design of optimal high-rank line-of-sight MIMO channels}},
  author={Bohagen, Frode and Orten, Pal and Oien, Geir E},
  journal={IEEE Transactions on wireless communications},
  volume={6},
  number={4},
  pages={1420--1425},
  year={2007},
  publisher={IEEE}
}
% Aalborg 5.8 GHz indoor LoS and NLoS Measurements at Aalborg University, Denmark
@inproceedings{martinez2014towards,
  title={{Towards very large aperture massive MIMO: A measurement based study}},
  author={Mart{\'\i}nez, {\`A}lex Oliveras and De Carvalho, Elisabeth and Nielsen, Jesper {\O}dum},
  booktitle={2014 IEEE Globecom Workshops (GC Wkshps)},
  pages={281--286},
  year={2014},
  organization={IEEE}
}
% Rice
@inproceedings{shepard2013argosv2,
  title={{ArgosV2: A flexible many-antenna research platform}},
  author={Shepard, Clayton and Yu, Hang and Zhong, Lin},
  booktitle={Proceedings of the 19th annual international conference on Mobile computing \& networking},
  pages={163--166},
  year={2013},
  organization={ACM}
}
% Rice
@inproceedings{shepard2013practical,
  title={{Practical performance of MU-MIMO precoding in many-antenna base stations}},
  author={Shepard, Clayton and Anand, Narendra and Zhong, Lin},
  booktitle={Proceeding of the 2013 workshop on Cellular networks: operations, challenges, and future design},
  pages={13--18},
  year={2013},
  organization={ACM}
}
% Rice Argos 2.4 GHz 72-element full-duplex measurements
@article{everett2015measurement,
  title={{Measurement-driven Evaluation of All-digital Many-antenna Full-duplex Communication}},
  author={Everett, Evan and Shepard, Clayton and Zhong, Lin and Sabharwal, Ashutosh},
  journal={arXiv preprint arXiv:1508.03765},
  year={2015}
}

% NGARA HArdware Demonstrator
@inproceedings{suzuki2012highly,
  title={{Highly spectrally efficient Ngara rural wireless broadband access demonstrator}},
  author={Suzuki, Hajime and Kendall, Rodney and Anderson, Kevin and Grancea, Alex and Humphrey, David and Pathikulangara, Joseph and Bengston, Keith and Matthews, John and Russell, Craig},
  booktitle={Communications and Information Technologies (ISCIT), 2012 International Symposium on},
  pages={914--919},
  year={2012},
  organization={IEEE}
}
@inproceedings{suzuki2012large,
  title={{Large-scale multiple antenna fixed wireless systems for rural areas}},
  author={Suzuki, Hajime and Collings, Iain B and Hayman, Douglas and Pathikulangara, Joseph and Chen, Zhuo and Kendall, Rodney},
  booktitle={Personal Indoor and Mobile Radio Communications (PIMRC), 2012 IEEE 23rd International Symposium on},
  pages={1600--1605},
  year={2012},
  organization={IEEE}
}

% NGARA
@article{collings2012ngara,
  title={{Ngara broadband access system for rural and regional areas}},
  author={Collings, Iain and Suzuki, Hajime and Robertson, David},
  year={2012},
  publisher={ACS Telecommunications Society of Australia}
}

% Microsoft Ranveer TVWS Driving
@inproceedings{ying2013exploring,
  title={{Exploring indoor white spaces in metropolises}},
  author={Ying, Xuhang and Zhang, Jincheng and Yan, Lichao and Zhang, Guanglin and Chen, Minghua and Chandra, Ranveer},
  booktitle={Proceedings of the 19th annual international conference on Mobile computing \& networking},
  pages={255--266},
  year={2013},
  organization={ACM}
}

% UHF Cross-correlation
@inproceedings{pham2007study,
  title={{A study on the channel and signal cross correlation of UHF DTV channels}},
  author={Pham, Viet-Ha and Chouinard, Jean-Yves},
  booktitle={Signals, Systems and Electronics, 2007. ISSSE'07. International Symposium on},
  pages={181--184},
  year={2007},
  organization={IEEE}
}

%NTT DoCoMo Inc measurements
@inproceedings{kataoka2014performance,
  title={{Performance evaluation by antenna selection using real propagation channel on massive MIMO}},
  author={Kataoka, Ryohei and Nishimori, Kentaro and Tran, Ngochao and Imai, Tetsuro},
  booktitle={Electromagnetics (iWEM), 2014 IEEE International Workshop on},
  pages={227--228},
  year={2014},
  organization={IEEE}
}

% Tufvesson Channel Models
@article{molisch2014propagation,
  title={{Propagation channel models for next-generation wireless communications systems}},
  author={Molisch, Andreas F and Tufvesson, Fredrik},
  journal={IEICE Transactions on Communications},
  volume={97},
  number={10},
  pages={2022--2034},
  year={2014},
  publisher={The Institute of Electronics, Information and Communication Engineers}
}

% Lund 2.6 GHz and others
@inproceedings{flordelis2015spatial,
  title={{Spatial separation of closely-spaced users in measured massive multi-user MIMO channels}},
  author={Flordelis, Jose and Gao, Xiang and Dahman, Ghassan and Rusek, Fredrik and Edfors, Ove and Tufvesson, Fredrik},
  booktitle={Communications (ICC), 2015 IEEE International Conference on},
  pages={1441--1446},
  year={2015},
  organization={IEEE}
}
@article{kolmonen2010measurement,
  title={{Measurement-based evaluation of interlink correlation for indoor multiuser MIMO channels}},
  author={Kolmonen, Veli-Matti and Haneda, Katsuyuki and Hult, Tommy and Poutanen, Juho and Tufvesson, Fredrik and Vainikainen, Pertti},
  journal={Antennas and Wireless Propagation Letters, IEEE},
  volume={9},
  pages={311--314},
  year={2010},
  publisher={IEEE}
}

% UHF Measurements
@inproceedings{hampton2005propagation,
  title={{Propagation characteristics of ground based urban communications in the military UHF band}},
  author={Hampton, JR and Merheb, NM and Lain, WL and Paunil, DE and Shuford, RM and Abrahamson, JA and Kasch, WT},
  booktitle={Military Communications Conference, 2005. MILCOM 2005. IEEE},
  pages={1998--2004},
  year={2005},
  organization={IEEE}
}

% Alcatel-Lucent Virtual Antenna Array
@inproceedings{hoydis2012channel,
  title={{Channel measurements for large antenna arrays}},
  author={Hoydis, Jakob and Hoek, Cornelis and Wild, Thorsten and Ten Brink, Stephan},
  booktitle={Wireless Communication Systems (ISWCS), 2012 International Symposium on},
  pages={811--815},
  year={2012},
  organization={IEEE}
}

% Lund MAssive MIMO Journal Paper on Channel Measurements: LOS vs NLOS
@article{gao2015massive,
  title={{Massive MIMO in real propagation environments: Do all antennas contribute equally?}},
  author={Gao, Xiang and Edfors, Ove and Tufvesson, Fredrik and Larsson, Erik G},
  journal={Communications, IEEE Transactions on},
  volume={63},
  number={11},
  pages={3917--3928},
  year={2015},
  publisher={IEEE}
}

% Rappaport 5.8 GHz Residential Propagation Study with Lots of Trees!
@article{durgin1998measurements,
  title={{Measurements and models for radio path loss and penetration loss in and around homes and trees at 5.85 GHz}},
  author={Durgin, Greg and Rappaport, Theodore S and Xu, Hao},
  journal={Communications, IEEE Transactions on},
  volume={46},
  number={11},
  pages={1484--1496},
  year={1998},
  publisher={IEEE}
}

%Aperture Jitter
@article{kester2008aperture,
  title={{Aperture time, aperture jitter, aperture delay timeâ€”Removing the confusion}},
  author={Kester, Walt},
  journal={Analog Devices, MT-007 Tutorial, Oct},
  year={2008}
}

% 802.11af tutorial paper
@article{flores2013af,
  title={{IEEE 802.11 af: a standard for TV white space spectrum sharing}},
  author={Flores, Adriana B and Guerra, Ryan E and Knightly, Edward W and Ecclesine, Peter and Pandey, Shishir},
  journal={Communications Magazine, IEEE},
  volume={51},
  number={10},
  pages={92--100},
  year={2013},
  publisher={IEEE}
}

% Ubiquiti TDMA Citation
@inproceedings{unni2015performance,
  title={{Performance measurement and analysis of long range Wi-Fi network for over-the-sea communication}},
  author={Unni, Siddharth and Raj, Dhanesh and Sasidhar, Kalyan and Rao, Sethuraman},
  booktitle={Modeling and Optimization in Mobile, Ad Hoc, and Wireless Networks (WiOpt), 2015 13th International Symposium on},
  pages={36--41},
  year={2015},
  organization={IEEE}
}

% Clayton Faros MU-MIMO Control Channel
%{Proceedings of the 21st Annual International Conference on Mobile Computing and Networking},
@inproceedings{shepard2015faros,
 author = {Shepard, Clayton and Javed, Abeer and Zhong, Lin},
 title = {{Control Channel Design for Many-Antenna MU-MIMO}},
 booktitle = {Proc.ACM MobiCom},
 series = {MobiCom '15},
 year = {2015},
 isbn = {978-1-4503-3619-2},
 location = {Paris, France},
 pages = {578--591},
 numpages = {14},
 url = {http://doi.acm.org/10.1145/2789168.2790120},
 doi = {10.1145/2789168.2790120},
 acmid = {2790120},
 publisher = {ACM},
 address = {New York, NY, USA},
 keywords = {CFO, MU-MIMO, argos, beamforming, control channel, many-antenna, massive-MIMO, paging, synchronization},
} 

% MIMO Autocorrelation Limits
@article{willink2013limits,
  title={{Limits on Estimating Autocorrelation Matrices from Mobile MIMO Measurements}},
  author={Willink, Tricia J},
  journal={International Journal of Antennas and Propagation},
  volume={2013},
  year={2013},
  publisher={Hindawi Publishing Corporation}
}

% 2x2 UHF Channel Condition Number Under Mobility Test
@inproceedings{daly2015measured,
  title={{Measured 2$\times$ 2 MIMO UHF Channels in an Urban Environment}},
  author={Daly, Michael and Ontiveros, Marcos and Allen, Jeffery and Buchanan, Kristopher and Arceo, Diana},
  booktitle={Antennas and Propagation, 2015 IEEE International Symposium on},
  pages={296--297},
  year={2015},
  organization={IEEE}
}

% Thomas and Cover Information Theory
@book{cover2012elements,
  title={{Elements of Information Theory}},
  author={Cover, Thomas M and Thomas, Joy A},
  year={2012},
  publisher={John Wiley \& Sons}
}

% Moore-Penrose Pseudo-inverse
@article{courrieu2005inverse,
  title={{Fast Computation of Moore-Penrose Inverse Matrices}},
  author={Courrieu, Pierre},
  journal={Neural Information Processing-Letters and Reviews},
  volume={8},
  number={2},
  year={2005}
}

% Perahia Guide to 802.11n/802.11ac
@book{perahia2013ac,
  title={{Next Generation Wireless LANS: 802.11 n and 802.11 ac}},
  author={Perahia, Eldad and Stacey, Robert},
  year={2013},
  publisher={Cambridge university press}
}

% Channel Resounding - Theory
@inproceedings{pohl2003resounding,
  title={{How often channel estimation is needed in MIMO systems}},
  author={Pohl, Volker and Nguyen, Phuc H and Jungnickel, Volker and Von Helmolt, Clemens},
  booktitle={Global Telecommunications Conference, 2003. GLOBECOM'03. IEEE},
  volume={2},
  pages={814--818},
  year={2003},
  organization={IEEE}
}

% Spatial Separation in MU-MIMO Systems
@inproceedings{czink2009spatial,
  title={{Spatial separation of multi-user MIMO channels}},
  author={Czink, Nicolai and Bandemer, Bernd and Vazquez-Vilar, Gonzalo and Jalloul, Louay and Oestges, Claude and Paulraj, Arogyaswami},
  booktitle={Personal, Indoor and Mobile Radio Communications, 2009 IEEE 20th International Symposium on},
  pages={1059--1063},
  year={2009},
  organization={IEEE}
}

% Oscar's MUBF Quick Recovery Paper
@article{bejarano2016mubf,
  title={{Resilient Multi-User Beamforming WLANs: Mobility, Interference, and Imperfect CSI}},
  author={Bejarano, Oscar and Hoefel, Roger Pierre Fabris and Knightly, Edward W.},
  journal={Proc. IEEE International Conference on Computer Communications (INFOCOM)},
  month={April},
  year={2016}
}

% Inter-Cell Interference Mitigation
@article{rahman2010intercell,
  title={{Enhancing cell-edge performance: a downlink dynamic interference avoidance scheme with inter-cell coordination}},
  author={Rahman, Mahmudur and Yanikomeroglu, Halim},
  journal={Wireless Communications, IEEE Transactions on},
  volume={9},
  number={4},
  pages={1414--1425},
  year={2010},
  publisher={IEEE}
}

% Goldsmith ZF Capacity Equation Paper
@ARTICLE{goldsmith2006zf,
  author={T.~Yoo and A.~Goldsmith},
  journal=JSAC,
  title={On the optimality of multiantenna broadcast scheduling using {z}ero-{f}orcing {b}eamforming},
  year={2006},
  month={Mar.},
  volume={24},
  number={3}, 
}
  %pages={528-541},

% Dirty Paper Coding
@article{costa1983dpc,
  title={Writing on dirty paper (corresp.)},
  author={Costa, Max},
  journal={IEEE transactions on information theory},
  volume={29},
  number={3},
  pages={439--441},
  year={1983},
  publisher={IEEE}
}

@inproceedings{bellalta2009,
 author = {Bellalta, Boris and Oliver, Miquel},
 title = {A space-time batch-service queueing model for multi-user {MIMO} communication systems},
 booktitle = MSWIM,
 year = {2009},
month={Oct.},
}


@article{bellalta2012,
author = {Bellalta, Boris and Barcelo, Jaume and Staehle, Dirk and Vinel, Alexey and Oliver, Miquel},
journal = {IEEE Communications Letters},
month = {Jul.},
title = {{On the Performance of Packet Aggregation in IEEE 802.11ac MU-MIMO WLANs}},
year = {2012},
}


@INPROCEEDINGS{cha2012,
author={Jiyoung Cha and Hu Jin and Bang Chul Jung and Dan Keun Sung},
booktitle=WCNC,
title={{Performance comparison of downlink user multiplexing schemes in IEEE 802.11ac: Multi-user MIMO vs. frame aggregation}},
year={2012},
month={Apr.},
}

%{Proc. Asian Himalayas International Conference on Internet (AH-ICI)}
@INPROCEEDINGS{thapa2012,
author={Thapa, A. and Seokjoo Shin},
booktitle={Proc. IEEE Asian Himalayas International Conference on Internet (AH-ICI)}, 
title={{A MAC protocol to select optimal transmission mode in very high throughput WLAN: MU-MIMO vs. multiple SU-MIMO}},
year={2012},
month={Nov.},
}

% Ren Preamble-Based SNR Estimation for Single Stream

%  article{ren2009snr,
% title={{SNR Estimation Algorithm Based on the Preamble for OFDM Systems in Frequency Selective Channels}},
% author={G. Ren, H. Zhang, Y. Chang},
% journal={IEEE Transactions on Communications},
%   volume={57},
%  number={8},
% month={Aug.},
% year={2009}
%}

% Ren Preamble-Based SNR Estimation 2009
@article{ren2009snr,
  title={{SNR Estimation Algorithm Based on the Preamble for OFDM Systems in Frequency Selective Channels}},
  author={Ren, Gangling and Zhang, Huining and Chang, Yilin},
  journal={{IEEE} Transactions on Communications},
  volume={57},
  number={8},
  pages={2230--2234},
  year={2009},
	month={Aug.},
}

% 802.11-2012 Standard
@ARTICLE{std11_2012, 
author={IEEE}, 
journal={{IEEE Std 802.11-2012 (Revision of IEEE Std 802.11-2007)}}, 
title={{IEEE Standard for Information technology--Telecommunications and information exchange between systems Local and metropolitan area networks--Specific requirements Part 11: Wireless LAN Medium Access Control (MAC) and Physical Layer (PHY) Specifications}}, 
year={2012}, 
volume={}, 
number={}, 
pages={1-2793}, 
keywords={IEEE standards;access protocols;metropolitan area networks;wireless LAN;IEEE Std 802.11-2012;IEEE standard;MAC;PHY specification;WLAN;information technology;lEEE Std 802.11-2007;local area network;medium access control;metropolitan area network;physical layer;telecommunications-and-information exchange;wireless LAN;Authentication;Channel switching;Collision avoidance;Encryption;IEEE standards;Telecommunication network management;Wireless communication;2.4 GHz;3650 MHz;4.9 GHz;5 GHz;5.9 GHz;AES;CCMP;CSMA/CA;Counter mode with Cipher-block chaining Message authentication code Protocol;DFS;E911;IEEE 802.11;LAN;MAC;MIH;MIMO;MIMO-OFDM;PHY;QoS;QoS mapping;RF;SSP;SSPN;TKIP;TPC;WLAN;advanced encryption standard;carrier sense multiple access/collision avoidance;channel switching;confidentiality;direct link;dynamic frequency selection;emergency alert system;emergency services;forwarding;generic advertisement service;high throughput;interface;internationalroaming;interworking;interworking with external networks;local area network;measurement;media-independent handover;medium access control;medium access controller;mesh;multi-hop;multiple input multiple output;network advertisement;network discovery;network management;network selection;off-channel direct link;path-selection;physical layer;power saving;quality of service;radio;radio frequency;radio management;radio resource;subscriber service provider;temporal key integrity protocol;transmit power control;tunneled direct link setup;wireless LAN;wireless access in vehicular environments;wireless local area network;wireless network management;zero-knowledge proof}, 
doi={10.1109/IEEESTD.2012.6178212}, 
ISSN={}, 
month={March},}

% 802.11ac Standard
@MISC{std11ac,
author={{IEEE Std 802.11ac-2013}},
title={Amendment 4: Enhancements for Very High Throughput for Operation in Bands below 6 GHz},
year={2013},
url={http://standards.ieee.org/getieee802/download/802.11ac-2013.pdf}
}

% 802.11af Standard
@MISC{std11af,
author={{IEEE Std 802.11af-2013}},
title={Amendment 5: Television White Spaces (TVWS) Operation},
year={2013},
url={http://standards.ieee.org/getieee802/download/802.11af-2013.pdf}
}

% Park Timing Estimation for OFDM Systems
@article{park2003timing,
 title={{A Novel Timing Estimation Method for OFDM Systems}},
 author={B. Park and H. Cheon and C. Kang},
 journal={IEEE Communications Letters},
   volume={7},
  number={5},
 month={May},
 year={2003}
}

% WARP Project Citation
@misc{warpProject,
	Title = {{WARP Project}},
	url = {http://warpproject.org},
}

% VITA 57.1 FMC Standard
@misc{samtec2018vita,
title={{VITA 57.1} FMC STANDARD PRODUCTS AND SUPPORT},
url={https://www.samtec.com/standards/vita/fmc},
date={November 5, 2018},
}
	
% Skylark WURC Citation
@misc{WURC,
Title={{WURC Wideband UHF Radio Card}},
url={http://www.skylarkwireless.com/WURC},
}

% WARP 802.11 Design Citation
@misc{warp80211,
	title={{802.11 Reference Design for WARP v3}},
	author={Mango Communications, Inc.},
	url={https://warpproject.org/trac/wiki/802.11},
}

% WARPLab Design Citation
@misc{warplab,
	title={{WARPLab Reference Design for WARP v3}},
	author={Mango Communications, Inc.},
	url={https://warpproject.org/trac/wiki/WARPLab},
}



% Ofcom TVWS regulation from 2012
@misc{ofcom2012tvws,
	title={{Regulatory requirements for white space devices in the UHF TV band}},
	author={Ofcom},
	date={July 4, 2012},
	url={http://www.cept.org/Documents/se-43/6161/},
}

% Shafik EVM, BER, and SNR Performance Metrics
@article{shafik2006evmsnr,
 title={{On the Extended Relationships Among EVM, BER and SNR as Performance Metrics}},
 author={R. Shafik, Md. S. Rahman, AHM R. Islam},
 journal={ICECE 2006},
 month={Dec.},
 address={Dhaka, Bangladesh}
}


% IEEE 802.11 TGac Coherence Time Measurement Model
@article{breit2009coherencetime,
 title={{Coherence Time Measurement for TGac Channel Model}},
 author={G. Breit},
 journal={Presentation Slides, IEEE 802.11-09/1173r1},
 month={Nov.},
 year={2009}
}

% Persia Next Generation Wireless LANs
@book{perahia2008,
  title={{Practical Guide to MIMO Radio Channel: with MATLAB Examples}},
  author={Brown, Tim and Kyritsi, Persefoni and De Carvalho, Elizabeth},
  year={2008},
  publisher={John Wiley \& Sons},
}

% Jafar Distributed Interference Alignement - assumes reciprocity
@article{gomadam2008interference,
 title={{Approaching the Capacity of Wireless Networks through Distributed Interference Alignment}},
 author={Gomadam, Krishna and Cadambe, Viveck R. and Jafar, Syed A.},
 journal={IEEE GLOBECOM},
 year={2008}
}

% Gollakota SIC and Interference Alignment
@article{gollakota2009interference,
  title={{Interference alignment and cancellation}},
  author={Gollakota, Shyamnath and Perli, Samuel David and Katabi, Dina},
  journal={ACM SIGCOMM Computer Communication Review},
  volume={39},
  number={4},
  pages={159--170},
  year={2009},
	month={Oct.},
}

% Zetterberg TDD Reciprocity ZF-Precoding Experiments
@article{zetterberg2011experimental,
  title={{Experimental investigation of {TDD} reciprocity-based zero-forcing transmit precoding}},
  author={Zetterberg, Per},
  journal=EURASIP,
  number={5},
	month={Jan.},
  year={2011},
}

% Nishimori Analog TDD Calibration
@article{nishimori2001automatic,
  title={{Automatic calibration method using transmitting signals of an adaptive array for TDD systems}},
  author={Nishimori, Kentaro and Cho, Keizo and Takatori, Yasushi and Hori, Toshikazu},
  journal=ITVT,
  volume={50},
  number={6},
  pages={1636--1640},
  year={2001},
}

% Rogalin Distributed MIMO Hardware Calibration
@inproceedings{rogalin2013hardware,
  title={{Hardware-impairment compensation for enabling distributed large-scale MIMO}},
  author={Rogalin, Ryan and Bursalioglu, Ozgun Y and Papadopoulos, Haralabos C and Caire, Giuseppe and Molisch, Andreas F},
  booktitle={IEEE Information Theory and Applications Workshop (ITA)},
  year={2013},
	month={Feb.},
	address={San Diego, CA},
}

% Rogalin Distributed MIMO Hardware Calibration Journal
%article{rogalin2014scalable,
%  title={{Scalable synchronization and reciprocity calibration for distributed multiuser MIMO}},
%  author={Rogalin, Ryan and Bursalioglu, Ozgun and Papadopoulos, Haralabos and Caire, Giuseppe and %Molisch, Andreas and Michaloliakos, Antonios and Balan, Vlad and Psounis, Konstantinos},%
%  year={2014},
%	month={Mar.},
%	pages={1815--1831},
%	volume={13},
%	number={4},
%	journal=TWCOMM,
%}

% Kaltenberger Channel Reciprocity Calibration in MIMO Systems
@inproceedings{kaltenberger2010relative,
  title={{Relative channel reciprocity calibration in MIMO/TDD systems}},
  author={Kaltenberger, Florian and Jiang, Haiyong and Guillaud, Maxime and Knopp, Raymond},
  booktitle={IEEE Future Network and Mobile Summit, 2010},
	month={Jun.},
  year={2010},
	address={Florence, Italy},
}

% Guey OFDM System Impairments
@inproceedings{guey2004modeling,
  title={{Modeling and evaluation of MIMO systems exploiting channel reciprocity in TDD mode}},
  author={Guey, Jiann-Ching and Larsson, L Daniel},
  booktitle=VTC,
  year={2004},
	month={Sept.},
}

% Senay TDD OFDM Channel Reciprocity - Thesis
@article{haile2009investigation,
  title={{Investigation of channel reciprocity for OFDM TDD systems}},
  author={Haile, Senay},
  year={2009}
}

% Lou Implicit vs Explicit Channel Feedback in 802.11ac
%inproceedings{lou2013comparison,
%  title={{A comparison of implicit and explicit channel feedback methods for MU-MIMO WLAN systems}},
%  author={Lou, Hanqing and Ghosh, Monisha and Xia, Pengfei and Olesen, Robert},
%  booktitle={IEEE PIMRC},
%  pages={419--424},
%  year={2013},
%}

% Balan AirSync MU-MIMO Synchronization
@article{balan2013airsync,
  title={{AirSync: Enabling distributed multiuser MIMO with full spatial multiplexing}},
  author={Balan, Horia Vlad and Rogalin, Ryan and Michaloliakos, Antonios and Psounis, Konstantinos and Caire, Giuseppe},
  journal=TON,
  volume={21},
  number={6},
  pages={1681--1695},
  year={2013},
}

% Bejarano MUTE Sounding Inhibition
@article{bejarano2014mute,
  title={{{MUTE}: Sounding Inhibition for {MU-MIMO} WLANs}},
  journal=SECON,
  author={Bejarano, Oscar and Magistretti, Eugenio and Gurewitz, Omer and Knightly, Edward W.},
  year={2014},
}

% Bejarano 802.11ac Tutorial
@article{bejarano2013tutorial,
  title={{IEEE 802.11 ac: from channelization to multi-user MIMO}},
  author={Bejarano, Oscar and Knightly, Edward W and Park, Minyoung},
  journal={{IEEE} Communications Magazine},
  volume={51},
  number={10},
  pages={84--90},
  year={2013}
}

% Heath 2005 Diversity vs Multiplexing in MIMO Systems
@article{heath2005switching,
  title={{Switching between diversity and multiplexing in MIMO systems}},
  author={Heath, Robert W and Paulraj, Arogyaswami J},
  journal=TCOMM,
  volume={53},
  number={6},
  pages={962--968},
  year={2005},
}

% Du Client-Side MU-Beamforming - note the errors incurred
@inproceedings{duibeam,
  title={{iBeam: Intelligent Client-Side Multi-User Beamforming in Wireless Networks}},
  author={Du, Yongjiu and Aryafar, Ehsan and Camp, Joseph and Chiang, Mung},
  year={2014},
  booktitle=INFOCOM,
}

% Brown Practical Guide to the MIMO Radio Channel, Book
@book{brown2012practical,
  title={{Practical Guide to MIMO Radio Channel: with MATLAB Examples}},
  author={Brown, Tim and Kyritsi, Persefoni and De Carvalho, Elizabeth},
  year={2012},
  publisher={John Wiley \& Sons},
}

% Qiu Ultra-Wideband Channel Reciprocity Measurements for Vehicular Systems
@inproceedings{qiu2007channel,
  title={{Channel reciprocity and time-reversed propagation for ultra-wideband communications}},
  author={Qiu, Robert C and Zhou, Chenming and Zhang, John Qiang and Guo, Nan},
  booktitle={IEEE AP-S International Symposium on Antennas and Propagation},
  volume={1},
  pages={29--32},
  year={2007}
}

% Bejarano 2014 MUTE: Sounding Inhibition for MU-MIMO WLANs
%inproceedings{bejarano2014mute,
%  title={{MUTE: Sounding Inhibition for MU-MIMO WLANs}},
%  booktitle=SECON,
%  author={Bejarano, Oscar and Magistretti, Eugenio and Gurewitz, Omer and Knightly, Edward W},
%  year={June 2014}
%}

% Ven de Beek 1995 On Channel Estimation in OFDM Systems
@inproceedings{van1995channel,
  title={{On channel estimation in OFDM systems}},
  author={Van de Beek, J-J and Edfors, Ove and Sandell, Magnus and Wilson, Sarah Kate and Ola Borjesson, P},
  booktitle={Vehicular Technology Conference, 1995 IEEE 45th},
  volume={2},
  pages={815--819},
  year={1995},
  organization={IEEE}
}

% Naren's STROBE Paper
@inproceedings{anandInfocom2012,
    author = {N.~Anand and S.~Lee and E.~Knightly},
    title = {{STROBE: Actively Securing Wireless Communications using Zero-Forcing Beamforming}},
    year={2012},
  booktitle = {Proc. IEEE International Conference on Computer Communications (INFOCOM)},
}

@INPROCEEDINGS{lee2006agc, 
author={Il-Gu Lee and Jungbo Son and Eunyoung Choi and Sok-Kyu Lee}, 
booktitle={2006 IEEE International Symposium on Circuits and Systems}, 
title={{Fast automatic gain control employing two compensation loop for high throughput MIMO-OFDM receivers}}, 
year={2006}, 
volume={}, 
number={}, 
pages={4 pp.-}, 
keywords={automatic gain control;circuit feedback;circuit stability;OFDM modulation;radio receivers;wireless LAN;digital automatic gain control;compensation loop;MIMO-OFDM receivers;receiver front-end;communication link;wireless local area networks;WLAN;IEEEE 802.11n standard;AGC circuit stability;Gain control;Throughput;OFDM;Wireless LAN;Circuits;Frequency synchronization;Signal design;Signal processing;Electronic mail;Communication system control}, 
doi={10.1109/ISCAS.2006.1693869}, 
ISSN={0271-4302}, 
month={May},}

@article{dietrich2001spatial,
  title={{Spatial, polarization, and pattern diversity for wireless handheld terminals}},
  author={Dietrich, Carl B and Dietze, Kai and Nealy, J Randall and Stutzman, Warren L},
  journal={IEEE transactions on antennas and propagation},
  volume={49},
  number={9},
  pages={1271--1281},
  year={2001},
  publisher={IEEE}
}

@inproceedings{anreddy2006capacity,
  title={{Capacity of measured Ricean and Rayleigh indoor MIMO channels at 2.4 GHz with polarization and spatial diversity}},
  author={Anreddy, Vikram R and Ingram, Mary Ann},
  booktitle={IEEE Wireless Communications and Networking Conference, 2006. WCNC 2006.},
  volume={2},
  pages={946--951},
  year={2006},
  organization={IEEE}
}

@article{valenzuela2006role,
  title={{The role of polarization diversity for MIMO systems under Rayleigh-fading environments}},
  author={Valenzuela-Vald{\'e}s, Juan F and Garc{\'\i}a-Fern{\'a}ndez, Miguel A and Mart{\'\i}nez-Gonz{\'a}lez, Antonio M and S{\'a}nchez-Hern{\'a}ndez, David},
  journal={IEEE Antennas and Wireless Propagation Letters},
  volume={5},
  number={1},
  pages={534--536},
  year={2006},
  publisher={IEEE}
}

@article{lee1972polarization,
  title={{Polarization diversity system for mobile radio}},
  author={Lee, WCY and Yeh, Yu},
  journal={IEEE Transactions on Communications},
  volume={20},
  number={5},
  pages={912--923},
  year={1972},
  publisher={IEEE}
}

@article{turkmani1995experimental,
  title={{An experimental evaluation of the performance of two-branch space and polarization diversity schemes at 1800 MHz}},
  author={Turkmani, AMD and Arowojolu, AA and Jefford, PA and Kellett, CJ},
  journal={IEEE Transactions on Vehicular Technology},
  volume={44},
  number={2},
  pages={318--326},
  year={1995},
  publisher={IEEE}
}

@article{vaughan1990polarization,
  title={{Polarization diversity in mobile communications}},
  author={Vaughan, Rodney G},
  journal={IEEE Transactions on Vehicular Technology},
  volume={39},
  number={3},
  pages={177--186},
  year={1990},
  publisher={IEEE}
}

@article{oestges2004beneficial,
  title={{Beneficial impact of channel correlations on MIMO capacity}},
  author={Oestges, Claude and Paulraj, AJ},
  journal={Electronics Letters},
  volume={40},
  number={10},
  pages={606--608},
  year={2004},
  publisher={IET}
}

@article{kyritsi2002effect,
  title={{Effect of antenna polarization on the capacity of a multiple element system in an indoor environment}},
  author={Kyritsi, Persefoni and Cox, Donald C and Valenzuela, Reinaldo A and Wolniansky, Peter W},
  journal={IEEE Journal on Selected areas in Communications},
  volume={20},
  number={6},
  pages={1227--1239},
  year={2002},
  publisher={IEEE}
}

@article{zhao2003polarization,
  title={{Polarization behaviours at 2, 5 and 60 GHz for indoor mobile communications}},
  author={Zhao, Xiongwen and Geng, Suiyan and Vuokko, Lasse and Kivinen, Jarmo and Vainikainen, Pertti},
  journal={Wireless Personal Communications},
  volume={27},
  number={2},
  pages={99--115},
  year={2003},
  publisher={Springer}
}

@article{wallace2003experimental,
  title={{Experimental characterization of the MIMO wireless channel: Data acquisition and analysis}},
  author={Wallace, Jon W and Jensen, Michael A and Swindlehurst, A Lee and Jeffs, Brian D},
  journal={IEEE Transactions on Wireless Communications},
  volume={2},
  number={2},
  pages={335--343},
  year={2003},
  publisher={IEEE}
}

% Gollakota SIC and Interference Alignment
@article{gollakota2009interference,
  title={Interference alignment and cancellation},
  author={Gollakota, Shyamnath and Perli, Samuel David and Katabi, Dina},
  journal={ACM SIGCOMM Computer Communication Review},
  volume={39},
  number={4},
  pages={159--170},
  year={2009},
	month={Oct.},
}

% Esan & Narens MUMIMO paper
@inproceedings{aryafar2010design,
  title={{Design and Experimental Evaluation of Multi-user Beamforming in Wireless LANs}},
  author={Aryafar, Ehsan and Anand, Narendra and Salonidis, Theodoros and Knightly, Edward W},
  booktitle=MOBICOM,
  year={2010},
	month={Sept.},
	address={Chicago, IL},
}



% Argos for Channel Calibration
@inproceedings{shepard2012argos,
  title={{Argos: Practical many-antenna base stations}},
  author={Shepard, Clayton and Yu, Hang and Anand, Narendra and Li, Erran and Marzetta, Thomas and Yang, Richard and Zhong, Lin},
  booktitle=MOBICOM,
  month={Aug.},
	address={Istanbul, Turkey},
  year={2012},
}

% Zetterberg TDD Reciprocity ZF-Precoding Experiments
@article{zetterberg2011experimental,
  title={{Experimental investigation of TDD reciprocity-based zero-forcing transmit precoding}},
  author={Zetterberg, Per},
  journal=EURASIP,
  number={5},
	month={Jan.},
  year={2011},
}

% Nishimori Analog TDD Calibration
@article{nishimori2001automatic,
  title={{Automatic calibration method using transmitting signals of an adaptive array for TDD systems}},
  author={Nishimori, Kentaro and Cho, Keizo and Takatori, Yasushi and Hori, Toshikazu},
  journal=ITVT,
  volume={50},
  number={6},
  pages={1636--1640},
  year={2001},
}

% Rogalin Distributed MIMO Hardware Calibration
@inproceedings{rogalin2013hardware,
  title={{Hardware-impairment compensation for enabling distributed large-scale MIMO}},
  author={Rogalin, Ryan and Bursalioglu, Ozgun Y and Papadopoulos, Haralabos C and Caire, Giuseppe and Molisch, Andreas F},
  booktitle={IEEE Information Theory and Applications Workshop (ITA)},
  year={2013},
	month={Feb.},
	address={San Diego, CA},
}

% Rogalin Distributed MIMO Hardware Calibration Journal
@article{rogalin2014scalable,
  title={{Scalable synchronization and reciprocity calibration for distributed multiuser MIMO}},
  author={Rogalin, Ryan and Bursalioglu, Ozgun and Papadopoulos, Haralabos and Caire, Giuseppe and Molisch, Andreas and Michaloliakos, Antonios and Balan, Vlad and Psounis, Konstantinos},
  year={2014},
	month={Mar.},
	pages={1815--1831},
	volume={13},
	number={4},
	journal=TWCOMM,
}

% Kaltenberger Channel Reciprocity Calibration in MIMO Systems
@inproceedings{kaltenberger2010relative,
  title={{Relative channel reciprocity calibration in MIMO/TDD systems}},
  author={Kaltenberger, Florian and Jiang, Haiyong and Guillaud, Maxime and Knopp, Raymond},
  booktitle={IEEE Future Network and Mobile Summit, 2010},
	month={Jun.},
  year={2010},
	address={Florence, Italy},
}

% Guey OFDM System Impairments
@inproceedings{guey2004modeling,
  title={{Modeling and evaluation of MIMO systems exploiting channel reciprocity in TDD mode}},
  author={Guey, Jiann-Ching and Larsson, L Daniel},
  booktitle=VTC,
  year={2004},
	month={Sept.},
}

% Senay TDD OFDM Channel Reciprocity - Thesis
@article{haile2009investigation,
  title={{Investigation of channel reciprocity for OFDM TDD systems}},
  author={Haile, Senay},
  year={2009}
}

% Lou Implicit vs Explicit Channel Feedback in 802.11ac
@inproceedings{lou2013comparison,
  title={{A comparison of implicit and explicit channel feedback methods for MU-MIMO WLAN systems}},
  author={Lou, Hanqing and Ghosh, Monisha and Xia, Pengfei and Olesen, Robert},
  booktitle=PIMRC,
  pages={419--424},
  year={2013},
}

% Balan AirSync MU-MIMO Synchronization
@article{balan2013airsync,
  title={{AirSync: Enabling distributed multiuser MIMO with full spatial multiplexing}},
  author={Balan, Horia Vlad and Rogalin, Ryan and Michaloliakos, Antonios and Psounis, Konstantinos and Caire, Giuseppe},
  journal=TON,
  volume={21},
  number={6},
  pages={1681--1695},
  year={2013},
}

% Bejarano MUTE Sounding Inhibition
@article{bejaranomute,
  title={{{MUTE}: Sounding Inhibition for {MU-MIMO} WLANs}},
  journal=SECON,
  author={Bejarano, Oscar and Magistretti, Eugenio and Gurewitz, Omer and Knightly, Edward W.},
  year={2014},
}

% Xie Adaptive Feedback Compression in MIMO Networks
@inproceedings{xie2013adaptive,
  title={{Adaptive feedback compression for MIMO networks}},
  author={Xie, Xiufeng and Zhang, Xinyu and Sundaresan, Karthikeyan},
  booktitle=MOBICOM,
  pages={477--488},
  year={2013},
}

% Heath 2005 Diversity vs Multiplexing in MIMO Systems
@article{heath2005switching,
  title={{Switching between diversity and multiplexing in MIMO systems}},
  author={Heath, Robert W and Paulraj, Arogyaswami J},
  journal=TCOMM,
  volume={53},
  number={6},
  pages={962--968},
  year={2005},
}

% Du Client-Side MU-Beamforming - note the errors incurred
@inproceedings{duibeam,
  title={{iBeam: Intelligent Client-Side Multi-User Beamforming in Wireless Networks}},
  author={Du, Yongjiu and Aryafar, Ehsan and Camp, Joseph and Chiang, Mung},
  year={2014},
  booktitle=INFOCOM,
}

% Brown Practical Guide to the MIMO Radio Channel, Book
@book{brown2012practical,
  title={{Practical Guide to MIMO Radio Channel: with MATLAB Examples}},
  author={Brown, Tim and Kyritsi, Persefoni and De Carvalho, Elizabeth},
  year={2012},
  publisher={John Wiley \& Sons},
}

% Qiu Ultra-Wideband Channel Reciprocity Measurements for Vehicular Systems
@inproceedings{qiu2007channel,
  title={{Channel reciprocity and time-reversed propagation for ultra-wideband communications}},
  author={Qiu, Robert C and Zhou, Chenming and Zhang, John Qiang and Guo, Nan},
  booktitle={IEEE AP-S International Symposium on Antennas and Propagation},
  volume={1},
  pages={29--32},
  year={2007}
}

% Guillaud 2013 Practical Channel Reciprocity Exploitation with CFO
@inproceedings{guillaud2013reciprocity,
  title={{Towards practical channel reciprocity exploitation: Relative calibration in the presence of frequency offset}},
  author={Guillaud, Maxime and Kaltenberger, Florian},
  booktitle=WCNC,
  pages={2525--2530},
  year={2013},
}

% Guillaud 2005 Practical MEthod for Wireless Channel Reciprocity Exploitation
@INPROCEEDINGS{guillaud2005reciprocity,
author={Guillaud, M. and Slock, D.T.M. and Knopp, R.},
booktitle={Signal Processing and Its Applications, 2005. Proceedings of the Eighth International Symposium on},
title={{A practical method for wireless channel reciprocity exploitation through relative calibration}},
year={2005},
month={August},
volume={1},
pages={403-406},
keywords={AWGN;Calibration;Circuits;Feedback;Hardware;Phase estimation;Radio frequency;Radio transmitters;State estimation;Wireless communication},
doi={10.1109/ISSPA.2005.1580281},}

% Ven de Beek 1995 On Channel Estimation in OFDM Systems
@inproceedings{van1995channel,
  title={{On Channel Estimation in OFDM Systems}},
  author={Van de Beek, J-J and Edfors, Ove and Sandell, Magnus and Wilson, Sarah Kate and Ola Borjesson, P},
  booktitle={Vehicular Technology Conference, 1995 IEEE 45th},
  volume={2},
  pages={815--819},
  year={1995},
  organization={IEEE}
}

% Naren's PUMA Paper
@inproceedings{anandpuma,
  title={{Mode and User Selection for Multi-User MIMO WLANs without CSI}},
  author={Anand, Narendra and Lee, Jeongkeun and Lee, Sung-Ju and Knightly, Edward W},
  booktitle={Proc. IEEE International Conference on Computer Communications (INFOCOM)},
  year={2015},
  organization={IEEE},
}

@article{bauml1996reducing,
  title={{Reducing the peak-to-average power ratio of multicarrier modulation by selected mapping}},
  author={Bauml, Robert W and Fischer, Robert FH and Huber, Johannes B},
  journal={Electronics letters},
  volume={32},
  number={22},
  pages={2056--2057},
  year={1996},
  publisher={IET}
}

@article{proakis1995digital,
  title={{Digital Communications}},
  author={Proakis, John G},
  journal={McGraw-Hill, New York},
	year={1995},
}

@article{lime2012lms6002d,
  title={{LMS6002D: Multi-band Multi-standard Transceiver with Integrated Dual DACs and ADCs}},
  author={Lime Microsystems Ltd.},
  journal={Product specification sheet},
  volume={v1.1.0},
  year={2012},
}


@article{lime2018lms7002M,
  title={{LMS7002M: FPRF MIMO Transceiver IC With Integrated Microcontroller}},
  author={Lime Microsystems Ltd.},
  journal={Product specification sheet},
  volume={v3.1r00},
  year={2018},
}

@article{ti2012stellaris,
  title={{Stellaris LM3S5R36 Microcontroller}},
  author={Texas Instruments Incorporated},
  journal={Data Sheet},
  volume={13442.2549},
  year={2012},
	url={https://github.com/RyanEGuerra/wurc_fw/blob/master/spec_sheet/lm3s5r36.pdf}
}


@article{adi2016ad9363,
  title={{RF Agile Transceiver AD9363}},
  author={Analog Devices Inc.},
  journal={Product specification sheet},
  volume={Revision D},
  year={2016},
}

@article{adi2018adrv9009,
  title={{Integrated Dual RF Transmitter, Receiver, and Observation Receiver}},
  author={Analog Devices Inc.},
	publisher={Analog Devices Inc.},
  journal={Product specification sheet},
  volume={Revision A},
  year={2018},
}

@article{xilinx2017rfsoc,
	title={{All Programmable RF-Sampling Solutions}},
	author={Collins, Anthony},
	publisher={Xilinx, Inc.},
	journal={{White Paper: Direct RF-Sampling}},
  volume={v1.0.1},
  year={2017},
	url={https://www.xilinx.com/support/documentation/white_papers/wp489-rfsampling-solutions.pdf},
}

% CSI Prediction Models
@article{duel2007fading,
  title={{Fading channel prediction for mobile radio adaptive transmission systems}},
  author={Duel-Hallen, Alexandra},
  journal={Proceedings of the IEEE},
  volume={95},
  number={12},
  pages={2299--2313},
  year={2007},
  publisher={IEEE}
}

@inproceedings{poutanen2011cost,
  title={{Parameterization of the COST 2100 MIMO channel model in indoor scenarios}},
  author={Poutanen, Juho and Haneda, Katsuyuki and Liu, Lingfeng and Oestges, Claude and Tufvesson, Fredrik and Vainikainen, Pertti},
  booktitle={Antennas and Propagation (EUCAP), Proceedings of the 5th European Conference on},
  pages={3606--3610},
  year={2011},
  organization={IEEE}
}

@article{zhu2013cost,
  title={{The COST 2100 channel model: Parameterization and validation based on outdoor MIMO measurements at 300 MHz}},
  author={Zhu, Meifang and Eriksson, Gunnar and Tufvesson, Fredrik},
  journal={IEEE Transactions on Wireless Communications},
  volume={12},
  number={2},
  pages={888--897},
  year={2013},
  publisher={IEEE}
}

@article{liu2012cost,
  title={{The COST 2100 MIMO channel model}},
  author={Liu, Lingfeng and Oestges, Claude and Poutanen, Juho and Haneda, Katsuyuki and Vainikainen, Pertti and Quitin, Fran{\c{c}}ois and Tufvesson, Fredrik and De Doncker, Philippe},
  journal={IEEE Wireless Communications},
  volume={19},
  number={6},
  pages={92--99},
  year={2012},
  publisher={IEEE}
}

@article{zhong2011distribution,
  title={{Distribution of the Demmel Condition Number of Wishart Matrices}},
  author={Zhong, Caijun and McKay, Matthew R and Ratnarajah, Tharm and Wong, Kai-Kit},
  journal={IEEE Transactions on Communications},
  volume={59},
  number={5},
  pages={1309--1320},
  year={2011},
  publisher={IEEE}
}

@inproceedings{kaltenberger2008correlation,
  title={{Correlation and Capacity of Measured Multi-user MIMO Channels.}},
  author={Kaltenberger, Florian and Gesbert, David and Knopp, Raymond and Kountouris, Marios},
  booktitle={PIMRC},
  pages={1--5},
  year={2008}
}

@book{greenbaum2012numerical,
  title={{Numerical Methods: Design, Analysis, and Computer Implementation of Algorithms}},
  author={Greenbaum, Anne and Chartier, Timothy P},
  year={2012},
  publisher={Princeton University Press}
}

@book{grebennikov2005rf,
  title={{RF and Microwave Power Amplifier Design}},
  author={Grebennikov, Andrei},
  year={2005},
  publisher={McGraw-Hill New-York}
}

@article{orfanidis2002electromagnetic,
  title={{Electromagnetic Waves and Antennas}},
  author={Orfanidis, Sophocles J},
  year={2002},
  publisher={Rutgers University New Brunswick, NJ}
}

@book{yarman2010design,
  title={{Design of Ultra Wideband Power Transfer Networks}},
  author={Yarman, Binboga Siddik},
  year={2010},
  publisher={John Wiley \& Sons}
}

% Another broadband matching book focused on theory.
@book{chen2015broadband,
  title={{Broadband matching: Theory and implementations}},
  author={Chen, Wai-Kai},
  year={2015},
  publisher={World Scientific}
}

% Additional real frequency matching references
@article{carlin1977new,
  title={{A new approach to gain-bandwidth problems}},
  author={Carlin, H},
  journal={IEEE Transactions on Circuits and Systems},
  volume={24},
  number={4},
  pages={170--175},
  year={1977},
  publisher={IEEE}
}
@article{carlin1983double,
  title={{The double matching problem: Analytic and real frequency solutions}},
  author={Carlin, H and Yarman, B},
  journal={IEEE Transactions on Circuits and Systems},
  volume={30},
  number={1},
  pages={15--28},
  year={1983},
  publisher={IEEE}
}
@article{yarman2001immitance,
  title={{An immitance based tool for modelling passive one-port devices by means of darlington equivalents}},
  author={Yarman, B Siddik and Aksen, Ahmet and Kilin{\c{c}}, Ali},
  journal={AEU-International Journal of Electronics and Communications},
  volume={55},
  number={6},
  pages={443--451},
  year={2001},
  publisher={Elsevier}
}
% This is where the real solution and explaination to the SRFT is actually given.
@article{yarman1982simplified,
  title={{A simplified" real frequency" technique applied to broad-band multistage microwave amplifiers}},
  author={Yarman, BS and Carlin, HJ},
  journal={IEEE Transactions on Microwave Theory and Techniques},
  volume={30},
  number={12},
  pages={2216--2222},
  year={1982},
  publisher={IEEE}
}

@book{tse2005fundamentals,
  title={{Fundamentals of Wireless Communication}},
  author={Tse, David and Viswanath, Pramod},
  year={2005},
  publisher={Cambridge university press}
}

% Semi-Orthogonal User Selection - Modification
@article{mao2012sus,
  title={{Simplified semi-orthogonal user selection for MU-MIMO systems with ZFBF}},
  author={Mao, Junling and Gao, Jinchun and Liu, Yuanan and Xie, Gang},
  journal={Wireless Communications Letters, IEEE},
  volume={1},
  number={1},
  pages={42--45},
  year={2012},
  publisher={IEEE}
}

% Optimal MU-MIMO User Selection
@article{wang2008user,
  title={{User selection with zero-forcing beamforming achieves the asymptotically optimal sum rate}},
  author={Wang, Jianqi and Love, David J and Zoltowski, Michael D},
  journal={Signal Processing, IEEE Transactions on},
  volume={56},
  number={8},
  pages={3713--3726},
  year={2008},
  publisher={IEEE}
}

@book{rappaport1996wireless,
  title={{Wireless Communications: Principles and Practice}},
  author={Rappaport, Theodore S and others},
  volume={2},
  year={1996},
  publisher={prentice hall PTR New Jersey}
}

@article{breit2009coherence,
  title={{Coherence Time Measurement for TGac Channel Model}},
  author={Breit, G},
  journal={Presentation Slides, IEEE},
  pages={802--11},
  year={2009}
}


% Direct Sampling RF using Aliasing and smart filtering
@article{psiaki2005design,
  title={{Design and practical implementation of multifrequency RF front ends using direct RF sampling}},
  author={Psiaki, Mark L and Powell, Steven P and Jung, Hee and Kintner, Paul M},
  journal={IEEE Transactions on Microwave Theory and Techniques},
  volume={53},
  number={10},
  pages={3082--3089},
  year={2005},
  publisher={IEEE}
}

% WhiteFi Paper Sigcomm
@article{bahl2009white,
  title={{White Space Networking with Wi-Fi Like Connectivity}},
  author={Bahl, Paramvir and Chandra, Ranveer and Moscibroda, Thomas and Murty, Rohan and Welsh, Matt},
  journal={ACM SIGCOMM Computer Communication Review},
  volume={39},
  number={4},
  pages={27--38},
  year={2009},
  publisher={ACM}
}

% KNOWS Hardware Platform Workshop
@inproceedings{narlanka2007hardware,
  title={{A Hardware Platform for Utilizing TV Bands with a Wi-Fi Radio}},
  author={Narlanka, Srihari and Chandra, Ranveer and Bahl, Paramvir and Ferrell, John Ian},
  booktitle={Local \& Metropolitan Area Networks, 2007. LANMAN 2007. 15th IEEE Workshop on},
  pages={49--53},
  year={2007},
  organization={IEEE}
}

% KNOWS Paper DySpan
@inproceedings{yuan2007knows,
  title={{KNOWS: Cognitive radio networks over white spaces}},
  author={Yuan, Yuan and Bahl, Paramvir and Chandra, Ranveer and Chou, Philip A and Ferrell, John Ian and Moscibroda, Thomas and Narlanka, Srihari and Wu, Yunnan},
  booktitle={New Frontiers in Dynamic Spectrum Access Networks, 2007. DySPAN 2007. 2nd IEEE International Symposium on},
  pages={416--427},
  year={2007},
  organization={IEEE}
}

% Review of Cognitive Radio Spectrum Sensing Techniques
@inproceedings{khan2013comparative,
  title={{Comparative study of spectrum sensing techniques in cognitive radio networks}},
  author={Khan, Fazlullah and Nakagawa, Kenji},
  booktitle={Computer and Information Technology (WCCIT), 2013 World Congress on},
  pages={1--8},
  year={2013},
  organization={IEEE}
}

% Better Review of Cognitive Radio Spectrum Sensing Techniques
@article{axell2012spectrum,
  title={{Spectrum sensing for cognitive radio: State-of-the-art and recent advances}},
  author={Axell, Erik and Leus, Geert and Larsson, Erik G and Poor, H Vincent},
  journal={IEEE Signal Processing Magazine},
  volume={29},
  number={3},
  pages={101--116},
  year={2012},
  publisher={IEEE}
}

@inproceedings{gautier2011cyclostationarity,
  title={{Cyclostationarity detection of DVB-T Signal: testbed and measurement}},
  author={Gautier, Matthieu and Laugeois, Marc and Hostiou, Philippe},
  booktitle={The First International Conference on Advances in Cognitive Radio (COCORA)},
  year={2011}
}

@article{shellhammer2008spectrum,
  title={{Spectrum sensing in IEEE 802.22}},
  author={Shellhammer, Stephen J and others},
  journal={IAPR Wksp. Cognitive Info. Processing},
  pages={9--10},
  year={2008}
}

@inproceedings{mishra2006cooperative,
  title={{Cooperative sensing among cognitive radios}},
  author={Mishra, Shridhar Mubaraq and Sahai, Anant and Brodersen, Robert W},
  booktitle={Communications, 2006. ICC'06. IEEE International conference on},
  volume={4},
  pages={1658--1663},
  year={2006},
  organization={IEEE}
}

% DTV ATSC waveform comparison
@article{wu2000comparison,
  title={{Comparison of terrestrial DTV transmission systems: the ATSC 8-VSB, the DVB-t COFDM, and the ISDB-t BST-OFDM}},
  author={Wu, Yiyan and Pliszka, Ewa and Caron, Bernard and Bouchard, Pierre and Chouinard, Gerald},
  journal={IEEE Transactions on Broadcasting},
  volume={46},
  number={2},
  pages={101--113},
  year={2000},
  publisher={IEEE}
}

% DTV Protection Contours
@article{hessar2015capacity,
  title={{Capacity considerations for secondary networks in tv white space}},
  author={Hessar, Farzad and Roy, Sumit},
  journal={IEEE Transactions on Mobile Computing},
  volume={14},
  number={9},
  pages={1780--1793},
  year={2015},
  publisher={IEEE}
}

@online{wifi2018installed,
  author = {Wi-Fi Alliance},
  title = {{Wi-Fi AllianceÂ® publishes 2018 Wi-FiÂ® predictions}},
  year = 2018,
  url = {http://web.archive.org/web/20180108214117/https://www.wi-fi.org/news-events/newsroom/wi-fi-alliance-publishes-2018-wi-fi-predictions},
  urldate = {2018-01-08}
}

@techreport{fcc2010second,
  author = {{Federal Communications Commission}},
  biburl = {https://docs.fcc.gov/public/attachments/FCC-10-174A1.pdf},
  month = {September},
  title = {{FCC 10-174. SECOND MEMORANDUM OPINION AND ORDER}},
	institution = {a},
  year = 2010
}

@techreport{fcc2012third,
  author = {{Federal Communications Commission}},
  biburl = {https://docs.fcc.gov/public/attachments/FCC-12-36A1.pdf},
  month = {April},
  title = {{FCC 12-36. THIRD MEMORANDUM OPINION AND ORDER}},
	institution = {a},
  year = 2012
}

@techreport{fcc2015ro,
  author = {{Federal Communications Commission}},
  biburl = {https://docs.fcc.gov/public/attachments/FCC-15-99A1.pdf},
  month = {August},
  title = {{FCC 15-99. REPORT AND ORDER}},
	institution = {a},
  year = 2015
}

% bistability in clock domain crossing
@article{cummings2008clock,
  title={{Clock Domain Crossing (CDC) Design \& Verification Techniques using System Verilog}},
  author={Cummings, Clifford E},
  journal={SNUG-2008, Boston},
  year={2008}
}

% Wow, there is a very hard to track bug in LeTeX that kills BibTeX if there is an underscore in the name of the title. Ask me how I know this.
@online{guerra2018toolbox,
  author = {Guerra, Ryan E.},
  title = {{WURC 802.11ac Toolbox}},
  year = 2018,
  url = {https://github.com/RyanEGuerra/wurc_80211ac_mubf},
	urldate = {2018-10-06},
}

@online{guerra2013ath5kmod,
  author = {Guerra, Ryan E.},
  title = {{compat-wireless-TVWS ath5k Driver Module}},
  year = 2018,
  url = {https://github.com/RyanEGuerra/compat-wireless-tvws},
	urldate = {2018-10-06},
}

%ath5k overview
@inproceedings{vipin2010analysis,
  title={{Analysis of open source drivers for IEEE 802.11 WLANs}},
  author={Vipin, M and Srikanth, S},
  booktitle={Wireless Communication and Sensor Computing, 2010. ICWCSC 2010. International Conference on},
  pages={1--5},
  year={2010},
  organization={IEEE}
}

% FCC Spectrum Allocation Table
@online{fcc2018spectrumtable,
  author = {{Federal Communications Commission}},
  title = {{Table of Frequency Allocations Chart}},
  year = 2018,
  url = {https://www.fcc.gov/engineering-technology/policy-and-rules-division/radio-spectrum-allocation/general/table-frequency},
	urldate = {2018-10-07},
}

% Broadcast Incentive Auction
@article{gomez2015broadcast,
  title={{Broadcast television spectrum incentive auctions in the US: Trends, challenges, and opportunities}},
  author={Gomez-Barquero, David and Caldwell, M Winston},
  journal={IEEE Communications Magazine},
  volume={53},
  number={7},
  pages={50--56},
  year={2015},
  publisher={IEEE}
}

% Joe Camp two-tier mesh deployment
% 10m mesh node heights, clients at 1m, neightborhood description, max 6 Mbps speed at access node

@inproceedings{camp2006measurement,
  title={{Measurement driven deployment of a two-tier urban mesh access network}},
  author={Camp, Joseph and Robinson, Joshua and Steger, Christopher and Knightly, Edward},
  booktitle={Proceedings of the 4th international conference on Mobile systems, applications and services},
  pages={96--109},
  year={2006},
  organization={ACM}
}

% Topology of TFA mesh network
@inproceedings{camp2008measurement,
  title={{A measurement study of multiplicative overhead effects in wireless networks}},
  author={Camp, Joseph and Mancuso, Vincenzo and Gurewitz, Omer and Knightly, Edward W},
  booktitle={INFOCOM 2008. The 27th Conference on Computer Communications. IEEE},
  pages={76--80},
  year={2008},
  organization={IEEE}
}

% Topology of TFA mesh network
@article{camp2006developing,
  title={{Developing and deploying multihop wireless networks for low-income communities}},
  author={Camp, Joseph D and Knightly, Edward W and Reed, William S},
  journal={Journal of Urban Technology},
  volume={13},
  number={3},
  pages={129--137},
  year={2006},
  publisher={Taylor \& Francis}
}

% LMS6002D/WURC Firmware Driver Library
@online{guerra2013lms6002d,
  author = {Guerra, Ryan E.},
  title = {{WURC LMS6002D Control Library}},
  year = 2013,
  url = {https://github.com/RyanEGuerra/wurc_fw},
	urldate = {2018-10-09},
}

% WURC Calibration and Control Library
@online{guerra2012wurc_cal,
  author = {Guerra, Ryan E.},
  title = {{WURC Factory Calibration and Control Library}},
  year = 2012,
  url = {https://github.com/RyanEGuerra/wurc_calibration},
	urldate = {2018-10-09},
}

% WURC Calibration and Control Library
@online{guerra2012wurc_pcb,
  author = {Guerra, Ryan E.},
  title = {{WURC and TVWS PCB Design Projects}},
  year = 2012,
  url = {https://github.com/RyanEGuerra/tvws_pcb_projects},
	urldate = {2018-10-09},
}

% WURC pCore Library with AGC and Radio Controller blocks
@online{guerra2012pcores,
  author = {Guerra, Ryan E.},
  title = {{HDL and MATLAB/System Generator blocks for WURC DSP}},
  year = 2012,
  url = {https://github.com/RyanEGuerra/wurc_pcores},
	urldate = {2018-10-09},
}


% UHF Measurements Studies
@article{boyer2007mimo,
  title={{MIMO for Broadcast--results from a high-power UK trial}},
  author={Boyer, J and Brown, P and Hayler, K and Garcia, M and Mitchell, J and Moss, P and Thorp, M},
  journal={Proc. IBC, Amsterdam, The Netherlands},
  year={2007}
}
@inproceedings{eriksson2008urban,
  title={{Urban peer-to-peer MIMO channel measurements and analysis at 300 MHz}},
  author={Eriksson, Gunnar and Linder, Sara and Wiklundh, Kia and Holm, Peter D and Johansson, Peter and Tufvesson, Fredrik and Molisch, Andreas F},
  booktitle={Military Communications Conference, 2008. MILCOM 2008. IEEE},
  pages={1--8},
  year={2008},
  organization={IEEE}
}
@inproceedings{hammons2008cooperative,
  title={{Cooperative MIMO field measurements for military UHF band in low-rise urban environment}},
  author={Hammons, A Roger and Hampton, Jerry R and Merheb, Naim M and Cruz, Manuel},
  booktitle={Sensor Array and Multichannel Signal Processing Workshop, 2008. SAM 2008. 5th IEEE},
  pages={122--126},
  year={2008},
  organization={IEEE}
}
@inproceedings{jung2011multipath,
  title={{Multipath Characteristics of MIMO Channel at the UHF band for Wireless System in the Urban Area}},
  author={Jung, Myoung-won and Kim, Jong Ho and Yoon, Young Keun and Hong, Heon Jin},
  booktitle={Advanced Communication Technology (ICACT), 2011 13th International Conference on},
  pages={1526--1529},
  year={2011},
  organization={IEEE}
}
@inproceedings{parviainen2009experimental,
  title={{Experimental investigations on MIMO radio channel characteristics on UHF band}},
  author={Parviainen, Roope and Ylitalo, Juha and Nuutinen, J-P and Talmola, Pekka and Henriksson, Jukka and Himmanen, Heidi and Ekman, Reijo and Huuhka, Esko},
  booktitle={Communications, 2009. ICC'09. IEEE International Conference on},
  pages={1--5},
  year={2009},
  organization={IEEE}
}

% SDR Platforms
@article{tan2011sora,
  title={{Sora: high-performance software radio using general-purpose multi-core processors}},
  author={Tan, Kun and Liu, He and Zhang, Jiansong and Zhang, Yongguang and Fang, Ji and Voelker, Geoffrey M},
  journal={Communications of the ACM},
  volume={54},
  number={1},
  pages={99--107},
  year={2011},
  publisher={ACM}
}
@inproceedings{yan2008spectrum,
  title={{Spectrum sensing, access and coexistence testbed for cognitive radio using USRP}},
  author={Yan, Zhi and Ma, Zhangchao and Cao, Hanwen and Li, Gang and Wang, Wenbo},
  booktitle={Circuits and Systems for Communications, 2008. ICCSC 2008. 4th IEEE International Conference on},
  pages={270--274},
  year={2008},
  organization={IEEE}
}
@inproceedings{nguyen2015leveraging,
  title={{Leveraging an Agile RF Transceiver for Rapid Prototyping of Small-Cell Systems}},
  author={Nguyen, Danh H and Rauhanummi, Mikko and Saarnisaari, Harri and Kandasamy, Nagarajan and Dandekar, Kapil R},
  booktitle={Vehicular Technology Conference (VTC Fall), 2015 IEEE 82nd},
  pages={1--5},
  year={2015},
  organization={IEEE}
}

%TVWS Paper
@inproceedings{deb2009dynamic,
  title={{Dynamic spectrum access in DTV whitespaces: design rules, architecture and algorithms}},
  author={Deb, Supratim and Srinivasan, Vikram and Maheshwari, Ritesh},
  booktitle={Proceedings of the 15th annual international conference on Mobile computing and networking},
  pages={1--12},
  year={2009},
  organization={ACM}
}
@inproceedings{mchenry2008determination,
  title={{Determination of detection thresholds to allow safe operation of television band" white space" devices}},
  author={McHenry, MA and Steadman, Karl and Lofquist, M},
  booktitle={New Frontiers in Dynamic Spectrum Access Networks, 2008. DySPAN 2008. 3rd IEEE Symposium on},
  pages={1--12},
  year={2008},
  organization={IEEE}
}

%TVWS Availability Simulations
@article{mishra2010much,
  title={{How much white space has the FCC opened up?}},
  author={Mishra, S and Sahai, Anant},
  journal={IEEE Communication Letters},
  year={2010}
}
@inproceedings{harrison2010much,
  title={{How much white-space capacity is there?}},
  author={Harrison, Kate and Mishra, Shridhar Mubaraq and Sahai, Anant},
  booktitle={New Frontiers in Dynamic Spectrum, 2010 IEEE Symposium on},
  pages={1--10},
  year={2010},
  organization={IEEE}
}
@article{mishra2009much,
  title={{How much white space is there?}},
  author={Mishra, Mubaraq and Sahai, Anant},
  journal={EECS Department, University of California, Berkeley, Tech. Rep. UCB/EECS-2009-3},
  year={2009}
}

%TVWS Front End Design Issues
@inproceedings{hasan2010wideband,
  title={{Wideband RF front end design considerations for a flexible white space software defined radio}},
  author={Hasan, SM Shajedul and Nealy, Randall and Brisebois, Terrence J and Newman, Timothy R and Bose, Tamal and Reed, Jeffrey H},
  booktitle={Radio and Wireless Symposium (RWS), 2010 IEEE},
  pages={484--487},
  year={2010},
  organization={IEEE}
}

%Fano-Bode Limit on Matching
@article{bode1945network,
  title={{Network analysis and feedback amplifier design}},
  author={Bode, Hendrik W and others},
  year={1945},
  publisher={D. van Nostrand New York}
}
@article{fano1950theoretical,
  title={{Theoretical limitations on the broadband matching of arbitrary impedances}},
  author={Fano, Robert M},
  journal={Journal of the Franklin Institute},
  volume={249},
  number={1},
  pages={57--83},
  year={1950},
  publisher={Elsevier}
}

%Discussion regarding power amplifier saturation and techniques for modeling it
@article{quaglia2017reappraisal,
  title={{A reappraisal of optimum output matching conditions in microwave power transistors}},
  author={Quaglia, Roberto and Shepphard, Daniel J and Cripps, Steve},
  journal={IEEE Transactions on Microwave Theory and Techniques},
  volume={65},
  number={3},
  pages={838--845},
  year={2017},
  publisher={IEEE}
}


%Adaptrum ACRS 1.0 Citation
@article{ko2014television,
  title={{Television white spaces: Learning from cases of recent trials}},
  author={Ko, Hsien-Tang and Lee, Chien-Hsun and Lin, Jia-Huei and Chung, Kay and Chu, Nan-Shiun},
  journal={International Journal of Digital Television},
  volume={5},
  number={2},
  pages={149--167},
  year={2014},
  publisher={Intellect}
}

% Analog Devices Clock Jitter Analysis
@article{brannon2006jitter,
  title={{Aperature Uncertainty and ADC System Performance}},
  author={Brannon, Brad and Barlow, Allen},
  journal={Analog Devices Application Note},
  volume={AN-501},
  number={Rev A},
  year={2006}
}

% Silicon Labs AN687 - A Primer on Jitter, Jitter Measurement, and Phase-Locaked Loops
@techreport{an687,
  title={{AN687: A Primer on Jitter, Jitter Measurement, and Phase-Locked Loops}},
  year={2012},
  institution={Silicon Labs, Inc.}
}

% Levenberg-Marquardt Non-Linear Numerical Optimization
@book{hansen2013least,
  title={{Least squares data fitting with applications}},
  author={Hansen, Per Christian and Pereyra, V{\'\i}ctor and Scherer, Godela},
  year={2013},
  publisher={JHU Press}
}

% Hata vs. Longley-Rice Modeling
@inproceedings{kasampalis2014comparison,
  title={{Comparison of Longley-Rice, ITU-R P. 1546 and Hata-Davidson propagation models for DVB-T coverage prediction}},
  author={Kasampalis, Stylianos and Lazaridis, Pavlos I and Zaharis, Zaharias D and Bizopoulos, Aristotelis and Zettas, Spyridon and Cosmas, John},
  booktitle={BMSB},
  pages={1--4},
  year={2014}
}

%EMtoSPICE Reference -- the site is now defunct
@article{mandrutareduced,
  title={{Reduced-order Macromodel Extracted from the Frequency Domain Simulator of Passive On-chip Components}},
  author={Mandruta, Melinda and Ciuprina, Gabriela and Ioan, Daniel and Meuris, Peter}
}

% Murata Self-Resonant Frequency App Note
@manual{murata2010srf,
    organization  = "Murata Manufacturing Co., Ltd.",
    title         = "{Application Manual for Power Supply Noise Suppression and Decoupling for Digital ICs}",
    number        = "C39E",
    year          =  2010,
    month         =  7,    
    note          = "Application Note"
}

% Schmidl-Cox OFDM Frequency and Timing Synchronization
@article{schmidl1997robust,
  title={{Robust frequency and timing synchronization for OFDM}},
  author={Schmidl, Timothy M and Cox, Donald C},
  journal={IEEE transactions on communications},
  volume={45},
  number={12},
  pages={1613--1621},
  year={1997},
  publisher={IEEE}
}

%Shellhammer 802.22 Power Detection Efficacy
@inproceedings{shellhammer2006performance,
  title={{Performance of power detector sensors of DTV signals in IEEE 802.22 WRANs}},
  author={Shellhammer, Stephen J and Tandra, Rahul and Tomcik, James and others},
  booktitle={Proceedings of the first international workshop on Technology and policy for accessing spectrum},
  pages={4},
  year={2006},
  organization={ACM}
}

% IQ Imbalance
@article{tubbax2005compensation,
  title={{Compensation of IQ imbalance and phase noise in OFDM systems}},
  author={Tubbax, Jan and Come, Boris and Van der Perre, Liesbet and Donnay, St{\'e}phane and Engels, Marc and De Man, Hugo and Moonen, Marc},
  journal={IEEE Transactions on Wireless Communications},
  volume={4},
  number={3},
  pages={872--877},
  year={2005},
  publisher={IEEE}
}

% MMSE Beamforming reference
@article{joham2005linear,
  title={{Linear transmit processing in MIMO communications systems}},
  author={Joham, Michael and Utschick, Wolfgang and Nossek, Josef A},
  journal={IEEE Transactions on signal Processing},
  volume={53},
  number={8},
  pages={2700--2712},
  year={2005},
  publisher={IEEE}
}

% 802.11ac SDR platform
@inproceedings{wu2017tick,
  title={{The Tick programmable low-latency SDR system}},
  author={Wu, Haoyang and Wang, Tao and Yuan, Zengwen and Peng, Chunyi and Li, Zhiwei and Tan, Zhaowei and Ding, Boyan and Li, Xiaoguang and Li, Yuanjie and Liu, Jun and others},
  booktitle={Proceedings of the 23rd Annual International Conference on Mobile Computing and Networking},
  pages={101--113},
  year={2017},
  organization={ACM}
}

% Ziria
@article{stewart2015ziria,
  title={{Ziria: A DSL for wireless systems programming}},
  author={Stewart, Gordon and Gowda, Mahanth and Mainland, Geoffrey and Radunovic, Bozidar and Vytiniotis, Dimitrios and Agullo, Cristina Luengo},
  journal={ACM SIGPLAN Notices},
  volume={50},
  number={4},
  pages={415--428},
  year={2015},
  publisher={ACM}
}

% Indoor UHF Channel Coherence Bandwidth
@article{varela2001rms,
  title={{RMS delay and coherence bandwidth measurements in indoor radio channels in the UHF band}},
  author={Varela, Mercedes Sanchez and S{\'a}nchez, Manuel Garc{\'\i}a},
  journal={IEEE Transactions on Vehicular Technology},
  volume={50},
  number={2},
  pages={515--525},
  year={2001},
  publisher={IEEE}
}

% outdoor UHF Channel Coherence Bandwidth
@inproceedings{bajwa1985large,
  title={{Large area characterisation of urban UHF multipath propagation and its relevance to the performance bounds of mobile radio systems}},
  author={Bajwa, AS and Parsons, JD},
  booktitle={IEE Proceedings F-Communications, Radar and Signal Processing},
  volume={132},
  number={2},
  pages={99},
  year={1985},
  organization={IET}
}

% Overview of VHF/UHF Technologies
@article{raab2002hf,
  title={{HF, VHF, and UHF systems and technology}},
  author={Raab, Frederick H and Caverly, Robert and Campbell, Richard and Eron, Murat and Hecht, James B and Mediano, Arturo and Myer, Daniel P and Walker, John LB},
  journal={{IEEE Transactions on Microwave Theory and Techniques}},
  volume={50},
  number={3},
  pages={888--899},
  year={2002},
  publisher={IEEE}
}

% Source article for propagation characteristics
@article{stone1997nist,
  title={{NIST Construction Automation Program Report No. 3: Electromagnetic Signal Attenuation in Construction Materials (NISTIR 6055)}},
  author={Stone, William C},
  journal={Washington: National Technical Information Service},
  year={1997}
}

% Waterfilling ZF Beamforming Reference
@article{spencer2004zero,
  title={{Zero-forcing methods for downlink spatial multiplexing in multiuser MIMO channels}},
  author={Spencer, Quentin H and Swindlehurst, A Lee and Haardt, Martin},
  journal={{IEEE Transactions on Signal Processing}},
  volume={52},
  number={2},
  pages={461--471},
  year={2004},
  publisher={IEEE}
}

%MIMO Channel Correlation
@article{loyka2001channel,
  title={{Channel capacity of MIMO architecture using the exponential correlation matrix}},
  author={Loyka, Sergey L},
  journal={IEEE Communications letters},
  volume={5},
  number={9},
  pages={369--371},
  year={2001},
  publisher={IEEE}
}

% Matrix inverse
@article{peel2005vector,
  title={{A vector-perturbation technique for near-capacity multiantenna multiuser communication-part I: channel inversion and regularization}},
  author={Peel, Christian B and Hochwald, Bertrand M and Swindlehurst, A Lee},
  journal={IEEE Transactions on Communications},
  volume={53},
  number={1},
  pages={195--202},
  year={2005},
  publisher={IEEE}
}

% CoMP Tutorial Paper
@article{cui2014evolution,
  title={{Evolution of limited-feedback CoMP systems from 4G to 5G: CoMP features and limited-feedback approaches}},
  author={Cui, Qimei and Wang, Hui and Hu, Pengxiang and Tao, Xiaofeng and Zhang, Ping and Hamalainen, Jyri and Xia, Liang},
  journal={{IEEE Vehicular Technology Magazine}},
  volume={9},
  number={3},
  pages={94--103},
  year={2014},
  publisher={IEEE}
}

% CoMP LTE Standard Paper
@article{ali2014evolution,
  title={{On the evolution of coordinated multi-point (CoMP) transmission in LTE-advanced}},
  author={Ali, Md Shipon},
  journal={{International Journal of Future Generation Communication and Networking}},
  volume={7},
  number={4},
  pages={91--102},
  year={2014}
}

% NI Massive MIMO Hardware Reference
@article{luther20145g,
  title={{5G massive MIMO testbed: From theory to reality}},
  author={Luther, Erik},
  journal={white paper, available online: https://studylib. net/doc/18730180/5g-massive-mimo-testbed--from-theory-to-reality},
  year={2014}
}

% Lund testbed
@inproceedings{vieira2014flexible,
  title={{A flexible 100-antenna testbed for massive MIMO}},
  author={Vieira, Joao and Malkowsky, Steffen and Nieman, Karl and Miers, Zachary and Kundargi, Nikhil and Liu, Liang and Wong, Ian and {\"O}wall, Viktor and Edfors, Ove and Tufvesson, Fredrik},
  booktitle={Globecom Workshops (GC Wkshps), 2014},
  pages={287--293},
  year={2014},
  organization={IEEE}
}

% White Rabbit
@inproceedings{lipinski2011white,
  title={{White rabbit: A PTP application for robust sub-nanosecond synchronization}},
  author={Lipi{\'n}ski, Maciej and W{\l}ostowski, Tomasz and Serrano, Javier and Alvarez, Pablo},
  booktitle={{Precision Clock Synchronization for Measurement Control and Communication (ISPCS), 2011 International IEEE Symposium on}},
  pages={25--30},
  year={2011},
  organization={IEEE}
}
@article{serrano2013white,
  title={{The White Rabbit Project}},
  author={Serrano, Javier and Lipinski, M and Wlostowski, T and Gousiou, E and van der Bij, Erik and Cattin, M and Daniluk, G},
  year={2013}
}
@phdthesis{wlostowski2011precise,
  title={{Precise time and frequency transfer in a White Rabbit network}},
  author={W{\l}ostowski, Tomasz},
  year={2011},
  school={Instytut Radioelektroniki},
	note={M.Sc Thesis}
}

% Facebook Aries
@article{choubey2016introducing,
  title={{Introducing Facebookâ€™s new terrestrial connectivity systems-Terragraph and Project ARIES}},
  author={Choubey, Neeraj and Panah, Ali},
  journal={Facebook, Apr},
  year={2016}
}

%Synchronous Ethernet
@article{rec2007g,
  title={{G. 8262/Y. 1362,â€œ}},
  author={ITU Recommendation},
  journal={{Distribution of Timing Information through Packet Networks}},
  year={2007}
}

% Synch of cooperative base stations
@inproceedings{jungnickel2008synchronization,
  title={{Synchronization of Cooperative Base Stations}},
  author={Jungnickel, V and Wirth, T and Schellmann, M and Haustein, T and Zirwas, W},
  booktitle={{Wireless Communication Systems. 2008. ISWCS'08. IEEE International Symposium on}},
  pages={329--334},
  year={2008},
  organization={IEEE}
}

%Many-Antenna MIMO vs. Network MIMO
@article{hosseini2014large,
  title={{Large-scale MIMO versus network MIMO for multicell interference mitigation}},
  author={Hosseini, Kianoush and Yu, Wei and Adve, Raviraj S},
  journal={IEEE Journal of Selected Topics in Signal Processing},
  volume={8},
  number={5},
  pages={930--941},
  year={2014},
  publisher={IEEE}
}

%JT vs. DPS
@article{kim2017call,
  title={{Call blocking probability and effective throughput for call admission control of CoMP joint transmission}},
  author={Kim, Seung-Yeon and Cho, Choong-Ho},
  journal={IEEE Transactions on Vehicular Technology},
  volume={66},
  number={1},
  pages={622--634},
  year={2017},
  publisher={IEEE}
}

% Network MIMO
@article{huh2012network,
  title={{Network MIMO with linear zero-forcing beamforming: Large system analysis, impact of channel estimation, and reduced-complexity scheduling}},
  author={Huh, Hoon and Tulino, Antonia M and Caire, Giuseppe},
  journal={IEEE Transactions on Information Theory},
  volume={58},
  number={5},
  pages={2911--2934},
  year={2012},
  publisher={IEEE}
}
@inproceedings{marsch2009downlink,
  title={{On downlink network MIMO under a constrained backhaul and imperfect channel knowledge}},
  author={Marsch, Patrick and Fettweis, Gerhard},
  booktitle={Global Telecommunications Conference, 2009. GLOBECOM 2009. IEEE},
  pages={1--6},
  year={2009},
  organization={IEEE}
}

% CoMP with Load-Aware Grouping and Scheduling
@article{liu2018load,
  title={{Load aware joint CoMP clustering and inter-cell resource scheduling in heterogeneous ultra dense cellular networks}},
  author={Liu, Ling and Zhou, Yiqing and Garcia, Virgile and Tian, Lin and Shi, Jinglin},
  journal={IEEE Transactions on Vehicular Technology},
  volume={67},
  number={3},
  pages={2741--2755},
  year={2018},
  publisher={IEEE}
}

% CoMP with constrainted backhaul and poor CSI
@inproceedings{marsch2009downlink,
  title={{On downlink network MIMO under a constrained backhaul and imperfect channel knowledge}},
  author={Marsch, Patrick and Fettweis, Gerhard},
  booktitle={Global Telecommunications Conference, 2009. GLOBECOM 2009. IEEE},
  pages={1--6},
  year={2009},
  organization={IEEE}
}

% Mobile CoMP Simulator -- Costa
@article{kela2015borderless,
  title={{Borderless mobility in 5G outdoor ultra-dense networks}},
  author={Kela, Petteri and Turkka, Jussi and Costa, Mario},
  journal={IEEE access},
  volume={3},
  pages={1462--1476},
  year={2015},
  publisher={IEEE}
}

% Phase Noise in Linear Massive MIMO Precoders
@article{krishnan2016linear,
  title={{Linear massive MIMO precoders in the presence of phase noiseâ€”A large-scale analysis}},
  author={Krishnan, Rajet and Khanzadi, Mohammad Reza and Krishnan, N and Wu, Yongpeng and i Amat, Alexandre Graell and Eriksson, Thomas and Schober, Robert},
  journal={IEEE Transactions on Vehicular Technology},
  volume={65},
  number={5},
  pages={3057--3071},
  year={2016},
  publisher={IEEE}
}
% Phase Noise Model
@article{colavolpe2005algorithms,
  title={{Algorithms for iterative decoding in the presence of strong phase noise}},
  author={Colavolpe, Giulio and Barbieri, Alan and Caire, Giuseppe},
  journal={IEEE Journal on selected areas in communications},
  volume={23},
  number={9},
  pages={1748--1757},
  year={2005},
  publisher={IEEE}
}
%Uplink Phase Noise
@article{krishnan2014impact,
  title={{On the impact of oscillator phase noise on the uplink performance in a massive MIMO-OFDM system}},
  author={Krishnan, Rajet and Khanzadi, M Reza and Krishnan, N and Amat, A and Eriksson, Thomas and Mazzali, Nicol{\`o} and Colavolpe, Giulio},
  journal={arXiv preprint arXiv:1405.0669},
  year={2014}
}
%Phase Noise in Oscillators
@article{demir2000phase,
  title={{Phase noise in oscillators: A unifying theory and numerical methods for characterization}},
  author={Demir, Alper and Mehrotra, Amit and Roychowdhury, Jaijeet},
  journal={IEEE Transactions on Circuits and Systems I: Fundamental Theory and Applications},
  volume={47},
  number={5},
  pages={655--674},
  year={2000},
  publisher={IEEE}
}

% Jitter Transfer Function
@article{choi2003jitter,
  title={{Jitter transfer analysis of tracked oversampling techniques for multigigabit clock and data recovery}},
  author={Choi, Youngdon and Jeong, Deog-Kyoon and Kim, Wonchan},
  journal={IEEE Transactions on Circuits and Systems II: Analog and Digital Signal Processing},
  volume={50},
  number={11},
  pages={775--783},
  year={2003},
  publisher={IEEE}
}

%
@inproceedings{pitarokoilis2012effect,
  title={{Effect of oscillator phase noise on uplink performance of large MU-MIMO systems}},
  author={Pitarokoilis, Antonios and Mohammed, Saif Khan and Larsson, Erik G},
  booktitle={Communication, Control, and Computing (Allerton), 2012 50th Annual Allerton Conference on},
  pages={1190--1197},
  year={2012},
  organization={IEEE}
}

%  64B/66B Transceiver Physical Layer
@article{toyoda2010100gbe,
  title={{100GbE PHY and MAC layer implementations}},
  author={Toyoda, Hidehiro and Ono, Goichi and Nishimura, Shinji},
  journal={IEEE Communications Magazine},
  volume={48},
  number={3},
  pages={S41--S47},
  year={2010},
  publisher={IEEE}
}